2526 4246
135 125 171 181 50
500 137 534 178 9.
553 137 658 178 runnu
676 135 838 178 cronnours

135 265 230 311 exeo
256 262 414 329 nunquam
437 241 545 308 elicere
567 242 652 327 potui
674 241 712 307 de
733 243 764 306 vi
785 262 818 307 ac
840 243 957 308 ratione
978 240 1108 320 dicendi,
1132 263 1203 309 cum

135 356 166 412 et
186 366 243 432 per
258 364 307 411 me
330 346 430 430 ipsum
452 345 579 431 egissem
602 354 632 409 et
652 363 709 429 per
722 343 857 410 Drusum
879 364 969 431 saepe
991 352 1204 433 temptassem;

137 468 197 533 quo
219 447 251 512 in
273 466 383 535 genere
405 457 448 525 tu,
471 445 589 522 Antoni,
605 465 734 511 -rere
755 446 864 531 loquar
881 483 924 494 -
943 466 1101 532 nunquam
1123 447 1202 511 mihi

135 549 323 636 percontanti
339 558 391 615 aut
405 548 560 634 quaerenti
578 547 692 632 aliquid
707 546 828 613 defuisti
844 558 873 614 et
888 569 1034 634 persaepe
1048 569 1108 627 me,
1124 569 1205 634 quae

76 663 112 720 98
136 654 248 718 soleres
260 650 427 717 indicendo
443 650 613 727 observare,
629 649 763 716 docuisti.
808 649 899 727 Nunc,
916 651 1058 735 quoniam
1072 663 1204 737 uterque

137 764 272 820 vestrum
293 752 433 840 patefecit
453 773 559 818 earum
582 752 717 838 ipsarum
740 772 844 817 rerum
869 751 994 829 aditum,
1017 773 1092 838 quas
1114 773 1204 838 quae-

37 914 40 919 .
137 857 243 934 rimus,
258 864 289 921 et
303 854 446 940 quoniam
460 854 600 942 princeps
612 852 734 919 Crassus
746 853 810 920 eius
825 854 972 919 sermonis
983 854 1123 921 ordiendi
1137 856 1201 933 fuit,

136 956 205 1034 date
216 956 303 1022 nobis
326 957 403 1021 banc
424 955 554 1032 veniam,
572 965 607 1020 ut
628 975 672 1031 ea,
693 975 770 1039 quae
791 955 907 1021 sentitis
928 955 967 1021 de
988 956 1071 1022 omni
1093 977 1204 1045 genere

137 1057 264 1135 dicendi,
279 1057 431 1123 subtiliter
452 1057 687 1142 persequamini.
711 1056 797 1140 Quod
819 1056 942 1142 quidem
964 1057 988 1122 si
1009 1058 1066 1123 erit
1083 1080 1101 1123 a
1116 1060 1203 1124 vobis

80 1222 82 1225 .
137 1161 344 1245 impetratum,
366 1178 507 1244 magnam
531 1158 658 1234 habebo,
682 1157 795 1236 Crasse,
821 1160 890 1225 huic
911 1160 1080 1245 palaestrae
1102 1171 1132 1226 et
1147 1161 1202 1227 Tu-

137 1263 257 1326 sculano
272 1270 324 1327 tuo
338 1260 465 1347 gratiam
481 1269 512 1326 et
525 1262 613 1347 longe
628 1260 803 1326 Academiae
818 1262 862 1325 illi
878 1282 911 1326 ac
926 1262 1020 1348 Lyceo
1043 1273 1131 1328 tuum
1147 1264 1202 1331 boo

136 1364 345 1430 suburbanum
366 1362 558 1449 gymnasium
580 1373 769 1448 anteponam.

76 1475 112 1530 99
181 1466 303 1533 ΧΧΙΙ.
326 1464 403 1530 Tum
426 1464 487 1542 ille,
503 1463 598 1529 lmmo
614 1484 696 1542 vero,
719 1465 826 1550 inquit,
850 1465 973 1552 Sulpici,
996 1469 1202 1554 9999999119-

136 1568 263 1645 tonium,
283 1567 378 1653 quiet
397 1577 496 1653 potest
517 1566 615 1632 farere
636 1566 717 1652 quod
739 1567 878 1652 requiris,
894 1576 924 1633 et
945 1570 1109 1648 consuevit,
1124 1580 1158 1636 ut
1171 1581 1202 1637 te

137 1670 226 1735 audio
240 1669 348 1735 dicere.
362 1667 498 1733 Namme
510 1667 633 1752 quidem
649 1667 758 1754 [fateor
768 1669 901 1755 semper]
913 1691 930 1734 a
945 1689 1055 1756 genere
1071 1672 1128 1738 boo
1141 1682 1202 1738 toto

137 1772 284 1837 sermonis
311 1770 455 1856 refugisse
477 1780 507 1835 et
528 1769 584 1834 tibi
613 1769 744 1855 cupienti
767 1780 857 1854 atque
883 1771 1005 1836 instanti
1028 1775 1203 1860 saepissime

135 1893 268 1959 negasse,
292 1872 351 1957 [ut]
374 1881 439 1937 tute
460 1873 551 1957 paulo
574 1882 643 1936 ante
658 1871 769 1936 dixisti.
793 1871 879 1955 Quod
902 1893 956 1959 ego
977 1894 1039 1939 non
1060 1877 1202 1962 superbia

137 1995 236 2061 neque
251 1974 472 2040 inhumanitate
488 1973 633 2038 faciebam
647 1993 746 2059 neque
768 1995 828 2060 quo
851 1985 902 2040 tuo
917 1975 1015 2042 studio
1037 1979 1203 2044 rectissimo

137 2088 227 2161 atque
250 2077 364 2163 optimo
379 2095 440 2141 non
455 2076 578 2161 obsequi
594 2079 715 2155 vellem,
730 2077 910 2163 praesertim
925 2097 994 2144 cum
1009 2088 1040 2144 te
1053 2100 1151 2147 unum
1166 2103 1202 2147 ex

137 2181 278 2247 omnibus
289 2179 327 2244 ad
340 2178 501 2244 dicendum
510 2178 643 2244 maxime
657 2188 763 2244 natum
774 2189 940 2265 aptumque
955 2201 1139 2267 cognossem,
1151 2184 1204 2250 sed

137 2283 312 2348 mehercule
335 2282 420 2348 istius
442 2281 653 2368 disputationis
675 2282 833 2347 insolentia
855 2293 945 2367 atque
967 2303 1073 2350 earum
1089 2306 1204 2363 rerum,

63 2396 114 2450 100
138 2407 216 2471 quae
232 2385 316 2471 quasi
339 2385 371 2450 in
394 2395 458 2449 arte
481 2383 650 2459 traduntur,
667 2383 792 2448 inscitia.
834 2383 911 2450 Tum
934 2384 1031 2451 Cotta:
1055 2385 1205 2470 Quoniam

138 2488 179 2564 id,
196 2488 276 2572 quod
290 2487 504 2552 difficillimum
519 2485 606 2550 nobis
620 2485 788 2564 videbatur,
805 2496 839 2552 ut
852 2486 1026 2554 omninode
1042 2488 1089 2554 bis
1104 2492 1205 2570 rebus,

140 2588 253 2666 Crasse,
270 2591 438 2673 loquerere‚
454 2586 586 2652 adsecuti
608 2606 722 2664 sumus,
738 2587 776 2653 de
791 2589 909 2674 reliquo
923 2589 985 2654 iam
997 2601 1100 2657 nostra
1117 2596 1207 2681 eulpa

138 2690 238 2766 fuerit,
261 2690 286 2754 si
309 2699 347 2766 te,
371 2689 429 2753 nisi
455 2688 566 2764 omnia,
589 2708 667 2772 quae
696 2690 862 2774 percontati
887 2691 1012 2768 erimus,
1034 2694 1207 2779 explicares,

63 2800 113 2855 101
139 2791 352 2857 dimiserimus.
402 2789 448 2855 Ile
476 2790 522 2863 iis,
552 2789 650 2865 credo,
683 2791 783 2869 rebus,
813 2791 913 2876 inquit
944 2792 1078 2874 Crassus,
1110 2807 1146 2862 nt
1176 2798 1208 2863 in

139 2965 192 3009 zelo
208 2977 221 3007 e
236 2963 308 3008 stirne
322 2975 367 3016 per
377 2962 476 3015 alenn03
490 2961 508 3005 il
521 2962 547 3005 2⁰
557 2959 679 3004 bl'omore
689 2958 818 3006 chenesce
833 2961 865 3006 (19
878 2962 1043 3016 propensione
1058 2964 1209 3022 esimpatia,

139 3050 153 3080 e
168 3033 253 3088 quindi
268 3047 350 3078 emere
365 3046 379 3078 9
394 3032 534 3077 9999919999
554 3029 664 3075 insieme.
679 3051 704 3061 -
718 3029 872 3087 Drusum,
892 3032 1041 3078 amicissimo
1058 3034 1083 3079 di
1098 3035 1209 3092 Sulpizio

139 3119 153 3152 9
168 3105 192 3149 di
208 3104 285 3158 (letto,
298 3116 367 3148 nomo
382 3102 422 3147 del
437 3105 449 3154 9
462 3104 496 3146 25.
508 3124 535 3133 -
549 3101 728 3155 observare,
742 3101 847 3155 seguire.
861 3102 909 3147 (lfr.
924 3105 970 3149 109.

206 3189 259 3232 98.
281 3189 348 3232 eius
369 3186 523 3232 sermonis
544 3183 699 3230 ordiendi.
719 3183 741 3229 11
750 3184 886 3238 gerundivo
895 3184 973 3231 lutino
983 3198 1069 3240 spesso
1079 3186 1112 3234 hu
1121 3191 1209 3238 valore

140 3259 165 3305 di
180 3263 237 3304 sost.
251 3261 362 3303 ostratto.
375 3280 402 3289 -
415 3257 526 3310 veniam,
541 3254 584 3308 qni
597 3255 667 3301 vele:
687 3256 779 3311 grazia,
796 3256 911 3313 pieoer03
930 3269 980 3302 non
992 3257 1035 3310 gib
1048 3259 1169 3312 perdono.
1183 3288 1210 3296 -

139 3329 332 3374 Academiae
352 3327 418 3381 illi,
439 3341 454 3372 9
468 3325 552 3380 quelle
566 3322 720 3369 menzionete
737 3325 778 3370 nel
793 3326 933 3382 94999119
946 3327 1020 3381 qnele
1034 3327 1138 3382 insarno
1152 3331 1211 3378 Pla·

139 3405 204 3445 tone.
218 3422 244 3431 -
264 3398 376 3453 cheo,
396 3411 429 3442 un
450 3398 562 3450 ginnesro
580 3394 656 3440 molto
670 3394 768 3441 celebre
781 3396 863 3442 rioino
877 3397 910 3442 ed
923 3396 1010 3452 Atene,
1022 3399 1062 3443 nel
1082 3401 1158 3454 quale
1173 3403 1210 3448 in·

140 3465 217 3518 segne
232 3465 373 3510 Aristotele.

167 3548 255 3601 Cap.
276 3548 387 3592 xxll.
408 3569 435 3579 -
456 3547 508 3590 99.
529 3543 698 3598 cupientem,
712 3544 818 3590 seeundo
832 3545 850 3590 il
865 3545 943 3600 Sorof,
956 3546 1094 3600 significato
1109 3562 1213 3599 eonces-

141 3617 207 3664 siro:
222 3631 270 3662 non
285 3620 381 3662 estante
396 3615 475 3661 ebe...
489 3639 515 3646 -
528 3627 628 3667 oeque
648 3626 713 3668 quo.
737 3613 799 3670 Quo
816 3634 844 3648 -
861 3619 891 3660 ul
909 3617 959 3660 liae
972 3630 1008 3671 re,
1022 3619 1069 3662 hoo
1082 3621 1167 3667 modo.
1185 3647 1211 3657 -

139 3689 260 3741 studio,
281 3687 411 3732 desiderio.
429 3709 455 3717 -
476 3684 655 3730 insolentia
676 3683 718 3734 (da
738 3685 768 3730 in
787 3705 814 3720 -
834 3699 887 3731 non
907 3699 921 3732 9
941 3687 1020 3739 soleo)
1040 3688 1107 3737 vele:
1127 3690 1212 3738 ilnon

140 3772 224 3804 essere
239 3770 352 3802 errenzo.
365 3780 392 3788 -
411 3758 445 3801 in
465 3760 535 3802 arte
555 3774 582 3789 -
601 3753 642 3798 nel
657 3754 756 3801 melodo
770 3755 836 3802 della
850 3757 942 3802 999919.

179 3845 256 3888 100.
274 3843 403 3888 omnino
436 3839 669 3895 -pure-nisi
686 3841 849 3896 =seprima
864 3855 919 3888 non.
968 3876 971 3883 .
