2526 4246
140 119 172 172 26
503 135 536 174 u.
555 134 660 175 runnu
680 133 842 176 cronaorus

140 257 224 303 socer
237 238 302 305 eius
313 239 365 324 qui
377 236 484 317 iuerat,
497 238 531 322 Q.
544 232 657 305 Mucius
672 239 827 308 dicebatur
841 248 871 302 ct
887 236 924 302 M.
941 236 1098 315 Antonius,
1115 236 1207 301 honio

140 349 171 404 ct
191 360 245 405 con
263 340 387 407 iliorum
409 341 441 405 in
465 361 498 406 ro
519 340 640 425 publica
658 340 754 406 socius
776 350 807 405 et
828 360 947 407 summa
962 359 1030 405 curn
1046 338 1151 404 Crasso
1166 339 1206 402 ln-

78 445 113 497 25
139 442 205 506 rn'r
228 360 522 509 cibel-coniunctus.
568 443 710 509 Exierant
731 453 832 508 autem
851 462 920 507 cunr
935 442 1000 527 ipso
1015 440 1121 507 Crasso
1135 441 1207 507 adu-

139 545 285 609 lcsocntos
310 554 341 610 ct
361 544 452 643 Drusi
479 544 606 619 manin
639 544 802 663 'millies
824 563 841 608 e
875 543 1041 635 inquibus
1062 563 1205 629 magnam

139 654 205 709 turn
226 665 312 731 spem
333 565 736 814 mffliiatis
756 639 828 711 stiae
849 666 883 711 oo
896 647 1039 723 locarent,
1063 644 1094 710 C.
1111 644 1205 723 Cotta,

139 748 191 832 qui
212 757 279 815 tum
301 749 424 815 tribuna
439 769 491 815 um
509 749 754 916 plebfflfftfiiat*
769 758 799 814 et
814 746 844 813 P.
862 747 1023 833 Sulpicius,
1047 748 1098 832 qui
1122 748 1206 814 dein.

78 860 113 913 26
138 869 208 936 ceps
228 870 300 916 eum
321 851 530 937 magistratum
552 861 614 936 peti
629 871 704 917 urus
719 821 892 936 iiutibbtur.
936 849 971 915 Hi
987 851 1088 935 primo
1103 850 1152 916 die
1168 851 1206 916 de

48 1031 53 1039 .
138 952 326 1037 temporibus
349 953 446 1038 dequo
467 954 610 1019 universa
626 953 804 1038 republica,
821 972 912 1037 quarn
928 952 966 1017 ob
980 973 1100 1018 causam
1116 973 1206 1019 venc-

139 1063 218 1131 rant,
240 1056 372 1120 inultum
394 1056 476 1120 inter
496 1075 528 1120 se
550 1054 699 1140 usquead
720 1064 892 1120 extremum
908 1064 969 1120 tem
1042 1054 1103 1155 (liei
1118 1058 1205 1120 collo-

138 1156 198 1222 cuti
220 1167 299 1222 sunt.
324 1156 388 1240 Quo
404 1156 527 1242 quidem
542 1177 556 1221 s
576 1177 683 1222 rmone
698 1075 1045 1272 multasstaldibbiiiiis
1059 1146 1085 1221 'a
1107 1157 1206 1222 tribus

138 1256 200 1322 illis
221 1258 429 1324 consularibus
451 1176 712 1355 Cottff'ibplorata
738 1268 769 1323 ot
793 1241 1028 1323 coriinrernci‘ata
1049 1258 1203 1336 narrabat,

138 1369 173 1425 ut
193 1359 271 1423 nibil
293 1359 448 1431 incidisset
467 1370 570 1445 postea
592 1359 705 1424 civitati
727 1360 809 1437 mali,
833 1359 914 1444 quod
936 1378 998 1425 non
1025 1359 1205 1444 impendere

77 1473 111 1528 27
138 1460 184 1525 illi
205 1470 289 1526 tanto
310 1472 380 1547 anto
401 1460 464 1541 ndi
482 1471 566 1527 sent·
581 1481 646 1541 ’,φο
668 1471 769 1526 autern
792 1460 875 1525 omni
899 1481 998 1525 sermo
1060 1461 1203 1553 conlecto,

137 1572 253 1629 tantam
276 1564 307 1628 in
330 1482 678 1730 ὢῖξῖὲὼῷέἴὲω
702 1563 803 1640 luisse,
817 1574 861 1640 ut,
880 1566 973 1630 cuml
1044 1539 1205 1630 'bicubuis-

75 1728 78 1735 .
137 1676 213 1743 sent,
236 1667 395 1732 tolleretur
415 1666 515 1732 omnis
536 1666 546 1730 i
573 1687 590 1731 a
612 1664 777 1750 superioris
800 1664 921 1763 tristitia
943 1654 1093 1730 sermonis
1108 1685 1204 1750 caque

137 1777 214 1832 esset
236 1768 268 1832 in
291 1768 416 1833 bomine
430 1767 601 1833 iucunditas
624 1778 654 1832 ct
676 1777 776 1832 tantus
792 1767 824 1831 in
839 1738 964 1832 iocabilo
981 1768 1074 1852 lepos,
1091 1768 1220 1864 11111195μ

76 1876 111 1929 28
137 1871 218 1934 inter
239 1890 289 1935 cos
311 1870 412 1936 curiae
433 1870 525 1936 fuisse
547 1869 712 1947 videretur,
735 1869 910 1934 convivium
931 1869 1102 1935 Tusculani.
1151 1870 1204 1934 Po·

137 1981 216 2036 stero
228 1980 330 2038 autem
341 1971 399 2050 die,
411 1992 480 2038 cum
492 1971 538 2036 illi
551 1971 680 2037 maiores
699 1983 772 2036 natu
791 1971 862 2036 satis
875 1970 1038 2056 quiessent,
1051 1971 1083 2036 in
1098 1972 1203 2037 ambu-

69 2195 75 2219 s
135 2180 181 2226 obe
191 2179 307 2227 Cicerone
321 2193 401 2226 avora
414 2181 439 2226 in
452 2181 511 2236 qual
523 2180 548 2227 di
566 2172 717 2237 Tusculum,
731 2181 754 2227 le
768 2181 809 2227 oui
818 2180 903 2230 rorine
917 2181 1036 2237 veggonoi
1050 2196 1066 2228 o
1079 2188 1162 2230 monte
1177 2184 1202 2229 di

135 2250 256 2297 Frasoati.
275 2274 301 2283 —
325 2251 352 2306 Q.
371 2251 504 2306 Mucios,
525 2252 553 2307 0„
568 2253 649 2298 Mucio
664 2253 774 2308 Scavola,
786 2251 854 2306 flglio
875 2252 916 2297 ‹lol
937 2253 1036 2298 console
1051 2253 1079 2307 Q.
1092 2252 1205 2309 ficarola,

136 2335 227 2376 genero
242 2322 266 2367 di
281 2322 307 2367 C.
321 2322 398 2378 hollo,
410 2323 505 2369 fllosofo
520 2323 605 2370 stoico.
622 2323 660 2368 Fu
673 2336 768 2378 auguro
781 2324 821 2369 nel
834 2324 941 2375 6211133
955 2336 968 2368 e
989 2327 1096 2370 maestro
1110 2323 1136 2370 di
1150 2325 1203 2379 giu-

135 2391 296 2447 risprudanza
312 2393 337 2437 di
357 2392 481 2439 Cicerone.
494 2393 549 2440 Non
563 2394 584 2441 si
598 2393 720 2439 conlonrla
734 2392 799 2447 cogli
813 2392 870 2438 altri
885 2393 932 2438 due
946 2393 1027 2449 Mucii,
1040 2393 1066 2438 P.
1081 2406 1095 2439 a
1109 2394 1144 2448 Q„
1163 2394 1202 2440 dci

136 2463 204 2518 quali
213 2473 275 2517 pure
285 2462 401 2509 Cicerone
411 2465 489 2518 parla.
499 2488 525 2496 -
534 2463 569 2509 Μ.
583 2464 753 2517 Antonius,
766 2467 863 2509 oratore
874 2463 898 2508 di
908 2463 986 2519 grido,
993 2467 1051 2510 nato
1061 2463 1079 2509 il
1088 2466 1127 2508 611
1140 2466 1144 2518 l
1157 2467 1203 2520 143,

135 2531 180 2578 oba
195 2533 222 2578 fu
235 2533 334 2579 ocnsole
348 2547 395 2580 con
408 2535 436 2579 A.
450 2533 575 2579 Postumio
589 2533 687 2578 Albino.
700 2557 728 2564 -
741 2533 956 2578 consiliorum
970 2535 1003 2579 in
1018 2536 1202 2590 republica

134 2605 242 2649 coctos
260 2624 287 2639 -
300 2605 345 2650 oba
359 2605 426 2659 negti
440 2604 511 2650 affari
525 2599 592 2649 <lollii
605 2603 734 2658 republica
747 2604 772 2648 la
781 2616 892 2659 pensavit
902 2604 926 2650 al
942 2617 989 2658 par
999 2603 1074 2660 dilui,
1088 2617 1102 2652 e
1116 2606 1203 2661 peroio

134 2673 171 2729 gli
185 2685 238 2720 era:
252 2675 331 2721 amico
345 2674 454 2731 politico.

202 2781 255 2826 26.
270 2780 437 2834 Exierant,
452 2781 506 2825 solt.
520 2777 614 2824 Roma.
627 2800 654 2810 -
670 2775 695 2824 C.
711 2777 792 2826 Cotta.
808 2778 833 2824 C.
849 2777 951 2824 Aurelio
965 2778 1037 2824 Cotto
1050 2792 1146 2835 noeque
1161 2782 1202 2826 nel

134 2851 242 2904 6301124
260 2864 272 2896 a
287 2851 373 2905 lupar
390 2849 483 2896 invidio
504 2847 600 2902 spoglio
622 2847 662 2893 del
676 2847 800 2894 tribunato
815 2863 828 2894 e
842 2849 885 2903 poi
898 2849 1000 2895 bandito
1015 2849 1047 2894 dc
1059 2849 1146 2896 Roma.
1165 2851 1202 2896 Fu

134 2922 233 2966 consola
248 2934 294 2966 con
307 2920 335 2966 L.
348 2920 446 2966 Ottario
460 2919 500 2964 nel
514 2920 554 2962 619
566 2919 570 2972 Ι
581 2921 615 2962 15.
630 2917 685 2963 Non
698 2918 757 2972 pote
772 2919 863 2973 godera
877 2919 918 2964 ‹lel
927 2919 1017 2965 triont'o
1032 2919 1203 2976 decretatogli,

133 2991 226 3045 porche
240 2991 275 3045 gli
289 2991 311 3036 si
325 2990 401 3044 riaprl
415 2991 440 3035 la
454 2989 569 3034 cicatrice
584 2988 657 3034 d‘uno
669 2988 772 3034 vecchio
786 2989 867 3034 ferito.
880 3013 908 3022 -
921 2989 952 3034 P.
969 2989 1140 3046 Sulpicius
1159 3006 1204 3037 cru

134 3064 193 3106 nato
211 3062 235 3106 lo
250 3065 329 3106 stesso
343 3073 407 3105 anno
422 3060 466 3105 cho
481 3059 551 3104 Cotta
566 3058 722 3105 efuvalentc
733 3062 838 3105 oratore.
847 3060 919 3104 Dalla
928 3060 1026 3105 funesta
1040 3066 1118 3106 morto
1133 3062 1203 3108 dilui

135 3131 156 3176 si
170 3133 242 3186 purla
256 3132 295 3176 nel
310 3131 373 3175 libro
387 3131 431 3185 111,
444 3133 465 3184 3,
480 3133 511 3174 11.

191 3233 244 3276 211.
260 3231 421 3276 divinitus
434 3251 461 3266 -
474 3230 499 3274 in
518 3228 590 3275 modo
610 3231 752 3281 eccellento.
767 3232 917 3285 magistrale.
930 3256 956 3265 -
970 3234 1108 3279 utribus
1131 3235 1208 3280 illio

138 3302 381 3356 consularibus,
405 3301 460 3346 oioc
478 3302 506 3345 L.
526 3300 622 3356 Crasso,
636 3301 664 3355 Q.
677 3301 758 3347 Muzio
774 3316 787 3347 a
801 3303 833 3348 Μ.
851 3303 967 3359 Antonio,
987 3303 1031 3349 clre
1050 3316 1125 3349 erano
1147 3307 1206 3349 stati

137 3372 238 3419 consoli.
252 3396 279 3405 -
292 3375 327 3417 ct
348 3373 435 3417 nihil
459 3372 633 3417 incidisset
646 3393 673 3407 -
685 3377 717 3418 ut
729 3373 798 3418 nibil
811 3374 934 3419 incidiaac
949 3375 1050 3420 diceret.
1065 3397 1092 3407 -
1110 3378 1208 3421 tanto

137 3446 223 3488 ante.
250 3441 352 3487 Tanto
375 3441 389 3487 b
403 3442 451 3487 abl.
466 3441 490 3486 di
505 3441 597 3486 misura
610 3442 708 3487 innanzi
723 3444 755 3488 od
770 3447 838 3500 arcte,
852 3457 898 3500 por
912 3448 998 3489 antea.

204 3544 257 3588 27.
273 3540 360 3586 lauti
373 3538 387 3585 b
401 3540 433 3585 da
448 3540 513 3584 loco.
526 3561 553 3570 —
566 3539 752 3583 accubuissent.
767 3536 793 3581 Si
802 3550 830 3582 sa
840 3536 885 3583 che
896 3536 1018 3582 iRomani
1032 3538 1149 3585 solovono
1162 3540 1209 3586 ba·

137 3613 220 3671 guarni
233 3610 314 3667 prima
328 3610 429 3656 dell’ora
443 3610 508 3655 della
517 3623 587 3663 cena,
597 3607 657 3663 aiot,
667 3608 692 3652 in
701 3608 904 3662 generatorum
914 3609 975 3652 l’ora
988 3610 1037 3654 8⁸0
1052 3609 1077 3654 la
1085 3612 1118 3665 9⁸,
1133 3624 1145 3655 a
1161 3612 1208 3657 ohe

137 3690 240 3732 stavano
255 3696 270 3728 a
283 3694 368 3727 mensa
377 3679 484 3734 giaoenti
495 3694 524 3725 su
534 3678 646 3730 lettuooi;
659 3677 731 3723 ilche
742 3676 850 3722 dioovasi
860 3679 993 3722 accubare.
1007 3702 1033 3710 —
1047 3684 1082 3723 ut
1097 3680 1175 3728 dica.
1184 3717 1204 3729 ,.

142 3752 321 3801 Tusculani
340 3770 369 3785 -
389 3749 433 3795 cha
453 3762 530 3804 parvo
552 3762 567 3794 a
581 3747 638 3794 tutti
653 3747 677 3792 di
692 3759 751 3793 avar
765 3750 867 3800 puascto
882 3746 899 3791 il
913 3746 999 3801 giorno
1014 3749 1079 3793 nella
1096 3749 1177 3802 Curio,
1192 3764 1208 3796 o

131 3827 159 3870 Ia
176 3838 236 3870 sora
253 3822 339 3869 averla
354 3824 478 3868 trascorsa
495 3817 676 3866 banchettaudo
695 3817 856 3870 (convivium)
875 3819 915 3864 nel
934 3819 1087 3869 Tusculanoz
1110 3820 1204 3868 dios...
