2526 4246
203 136 246 177 nn
264 137 409 180 onaroun
427 139 486 180 nni.
504 140 527 194 1,
546 138 615 180 car.
635 139 838 189 xxvru-xxx,
858 138 975 191 ciserae
1091 125 1124 178 61

92 242 224 309 Minime
245 263 331 322 vero,
360 243 460 330 inquit
490 243 582 310 Cotta.
603 243 691 310 Nunc
718 243 802 309 enim
824 253 854 309 te
876 240 937 309 iam
963 262 1126 308 exoremus

49 361 176 408 necesse
197 351 253 417 est,
275 340 421 427 quoniam
442 342 556 408 retines
578 362 633 407 uos
654 341 687 407 in
711 343 767 408 hoc
788 341 887 408 studio
909 360 965 407 nec
979 340 1017 405 ad
1032 341 1124 405 aliam

49 439 182 504 dimittis
204 449 313 516 artem,
335 448 371 506 ut
391 439 479 505 nohis
500 438 641 525 explices,
665 439 813 526 quidquid
829 449 874 505 est
889 438 978 514 istud,
994 437 1075 524 quod
1091 449 1125 504 tu

51 537 238 602 indicendo
266 547 370 623 potes;
393 556 493 623 neque
519 538 602 604 enim
631 558 736 603 sumus
762 537 854 602 nimis
876 537 971 615 avidi;
995 537 1050 601 ista
1072 546 1124 602 tua

51 635 199 702 mediocri
213 635 389 722 eloquentia
404 635 536 701 contenti
551 655 666 712 sumus,
682 635 773 720 idque
788 655 825 701 er
840 646 870 701 te
885 634 1069 720 quaerimus,
1082 672 1123 680 -

51 743 85 799 ut
107 753 147 798 ne
167 735 240 820 plus
262 753 320 798 nos
342 731 555 819 adsequamur,
577 752 670 819 quam
685 735 866 819 quantulum
890 742 922 798 tu
946 731 1126 797 indicendo

52 831 211 897 adsecutus
232 851 275 907 es,
299 869 342 878 —
363 830 519 922 quoniam,
548 851 626 916 quae
654 853 672 896 a
703 842 811 896 natura
840 829 1012 917 expetenda
1041 839 1123 905 sunt,

52 929 183 995 codicis
205 949 270 993 nou
297 926 391 994 nimis
412 927 516 994 deesse
542 928 641 1006 nohis,
669 928 742 1014 quid
769 937 928 1015 praeterea
950 948 1016 994 esse
1037 926 1124 992 adsu-

52 1027 200 1093 mendum
222 1031 335 1112 putes?

96 1125 211 1191 XXX.
234 1123 315 1189 Tum
337 1121 460 1189 Crassus
482 1122 641 1190 adridens:
664 1123 743 1208 Quid
766 1143 879 1200 censes,
902 1123 1011 1209 inquit,
1028 1123 1122 1201 Cotta,
1150 1129 1200 1184 134

54 1223 110 1288 nisi
131 1222 269 1289 studium
291 1231 323 1286 et
344 1220 486 1286 ardorem
508 1221 662 1308 quendam
683 1217 820 1287 amoris?
842 1221 908 1286 sine
931 1242 1074 1307 quocum
1090 1222 1122 1286 in

53 1321 113 1385 vita
133 1320 214 1385 nihil
231 1319 401 1404 quidquam
415 1319 579 1406 egregium,
596 1330 661 1385 tum
675 1329 756 1385 certe
771 1319 837 1396 hoc,
853 1319 933 1405 quod
948 1330 981 1384 tu
996 1320 1123 1404 expetis,

53 1439 141 1485 nemo
154 1437 297 1502 unquam
311 1417 503 1502 adsequetur.
526 1416 628 1503 Neque
649 1438 723 1482 vero
745 1437 799 1482 vos
814 1415 852 1482 ad
867 1437 935 1482 eam
951 1437 1017 1482 rem
1033 1416 1122 1482 video

52 1537 114 1582 esse
135 1514 351 1590 cohortandos,
374 1535 458 1599 quoS,
480 1535 548 1580 cum
571 1515 648 1580 mihi
664 1535 784 1600 quoque
806 1515 870 1579 sitis
885 1515 1014 1590 molesti,
1029 1515 1122 1580 nimis

52 1613 142 1678 etiam
165 1613 298 1697 flagrare
320 1610 463 1696 intellego
485 1611 656 1696 cupiditate.
702 1610 761 1676 Sed
779 1611 912 1696 prolecto
927 1610 1026 1677 studia
1042 1610 1120 1675 nihil
1149 1619 1200 1674 135

52 1720 178 1795 prosunt
199 1704 405 1796 perveniendi
427 1709 539 1794 aliquo,
562 1709 620 1773 nisi
637 1708 723 1786 illud,
740 1708 820 1794 quod
835 1729 881 1786 eo,
897 1729 957 1794 quo
970 1708 1120 1786 intendas,

52 1809 127 1873 ierat
148 1807 350 1891 deducatque,
372 1806 517 1890 cognoris.
541 1805 650 1890 Quare,
663 1807 809 1892 quoniam
823 1807 902 1872 mihi
916 1807 1014 1873 levius
1029 1807 1122 1891 quod-

51 1906 121 1971 dam
144 1926 221 1972 onus
245 1904 403 1990 imponitis
425 1925 524 1989 neque
541 1925 580 1970 ex
595 1904 696 1970 mede
711 1905 839 1970 oratoris
854 1915 928 1983 arte,
944 1904 997 1971 sed
1011 1905 1050 1970 de
1066 1900 1122 1972 hac

52 2025 129 2081 mea,
151 2004 430 2089 quantulacumque
451 2013 506 2079 est,
530 2003 669 2068 facultate
691 2003 846 2087 quaeritis,
861 2023 1012 2089 exponam
1035 2005 1122 2069 vohis

54 2121 112 2165 non
136 2100 292 2186 quandam
315 2109 367 2164 aut
387 2100 631 2186 perreconditam
653 2111 705 2166 aut
719 2100 808 2166 valde
823 2100 978 2166 difficilem
994 2111 1045 2166 aut
1060 2121 1122 2166 ma·

53 2199 191 2283 gnificam
204 2208 258 2263 aut
268 2217 394 2284 gravem
406 2197 555 2263 rationem
563 2197 788 2263 consuetudinis
796 2218 891 2274 meae,
900 2219 958 2283 qua
967 2198 1121 2282 quondam

54 2297 156 2361 solitus
177 2315 248 2361 sum
269 2295 326 2370 uti,
349 2315 416 2360 cum
438 2295 516 2360 mihi
539 2296 570 2360 in
595 2296 650 2360 isto
673 2295 772 2361 studio
794 2297 910 2361 versari
936 2295 1121 2361 adulescenti

55 2393 167 2458 licebat.
211 2392 291 2457 Tum
307 2391 471 2477 Sulpicius:
487 2391 616 2469 Odiem,
630 2393 723 2470 Cotta,
736 2392 833 2471 nohis,
846 2393 956 2479 inquit,
968 2397 1118 2477 optatuml
1149 2397 1200 2452 136

57 2490 138 2574 Quod
159 2491 245 2556 enim
268 2509 368 2575 neque
389 2491 529 2575 precihus
550 2511 687 2577 unquam
709 2511 765 2556 neo
786 2490 958 2556 insidiando
980 2510 1035 2556 nec
1056 2511 1122 2577 spe·

57 2588 180 2653 rulando
202 2587 327 2673 adsequi
350 2587 444 2672 potui,
466 2598 510 2665 ut,
532 2588 605 2675 quid
628 2589 752 2654 Crassus
770 2600 872 2676 ageret
887 2587 1053 2655 meditandi
1069 2599 1121 2657 aut

59 2685 172 2750 dicendi
194 2706 293 2762 causa,
318 2705 378 2750 non
401 2685 491 2751 modo
512 2686 616 2753 videre
638 2687 726 2763 mihi,
750 2686 802 2751 sed
824 2708 862 2753 ex
884 2686 949 2753 eius
975 2688 1121 2772 scriptore

61 2794 86 2846 et
107 2785 215 2848 lectore
237 2782 364 2868 Diphilo
386 2783 530 2869 suspicari
554 2784 667 2861 liceret,
691 2783 722 2849 id
744 2805 833 2870 spero
848 2806 903 2850 nos
918 2804 983 2850 esse
998 2785 1122 2871 adeptos
1189 2836 1194 2845 .

63 2882 216 2966 onuriaque
239 2881 301 2944 iam
323 2900 361 2944 ex
383 2880 457 2965 ipso,
481 2902 558 2967 quae
580 2882 634 2949 din
655 2882 804 2967 cupimus,
827 2883 1006 2970 cognituros.

110 3061 176 3106 les.
197 3060 378 3115 aliquando
398 3081 425 3095 -
447 3061 555 3106 taudem
578 3060 723 3115 aliquando
745 3060 842 3112 (Sorof).
863 3063 1050 3117 -quouiam
1077 3074 1120 3107 re·

67 3130 148 3185 lines,
162 3145 211 3177 occ.
221 3131 287 3176 Note
300 3130 418 3176 finissimo
433 3145 504 3176 senso
519 3131 611 3176 ironico
626 3131 727 3176 insieme
739 3145 751 3175 o
763 3132 938 3178 rioouoscente.
947 3156 973 3163 -
983 3133 1064 3186 quod
1086 3136 1121 3176 tu

69 3199 93 3242 in
112 3203 240 3248 diceudo
261 3206 364 3256 potes.
386 3202 421 3247 Fa
435 3202 460 3246 di
474 3202 576 3248 rendere
598 3217 643 3248 con
659 3216 691 3246 un
705 3204 841 3248 oostontivo
860 3208 948 3257 questo
963 3216 1063 3257 propos.
1077 3202 1120 3246 rel.

68 3271 158 3317 -istu
180 3277 237 3318 tua
250 3292 278 3306 -
293 3271 318 3316 di
332 3275 426 3317 cotesto
441 3272 485 3317 ohe
500 3277 527 3316 tu
541 3273 637 3317 chiumi.
651 3295 677 3303 -
693 3287 753 3316 raon
775 3275 873 3318 nimis
887 3295 914 3307 =
928 3287 976 3317 non
990 3272 1030 3317 del
1049 3276 1134 3318 tutto..

81 3364 155 3430 Ιθαι).
169 3368 276 3412 XXX.
288 3390 313 3398 -
327 3367 397 3412 184.
411 3367 488 3412 sitis
501 3368 643 3421 molesti,
656 3366 709 3412 cioe
720 3369 758 3413 col
769 3372 836 3414 tento
847 3370 1000 3414 stuzzicormi
1010 3370 1054 3415 che
1064 3370 1123 3418 iste.

123 3457 189 3500 135.
200 3454 413 3510 perveniendi
426 3453 532 3509 dipendo
543 3454 717 3499 dostudio.—
729 3457 902 3509 facultate,
918 3455 1123 3510 obilitd,perizie.

74 3536 93 3546 -
109 3533 163 3565 nou
183 3521 383 3576 quandum...
400 3534 470 3575 qua.
494 3520 574 3565 Notisi
595 3522 760 3574 l‘onocoluto,
780 3521 837 3576 ohe,
858 3521 963 3566 loddovc
984 3523 1049 3577 dopo
1069 3537 1123 3569 uon

75 3587 190 3633 orandam
203 3590 392 3641 espetteremmo
406 3588 452 3632 sed
469 3588 599 3632 rationem
615 3589 810 3633 consuetudinis
824 3602 905 3642 meae,
920 3587 1054 3634 Cicscrive
1069 3604 1123 3644 qua

76 3658 142 3692 tte-
151 3652 425 3708 perreconditam,
440 3653 453 3697 i
464 3667 524 3698 roco
534 3657 606 3698 ussto
614 3655 667 3699 solo
675 3653 763 3700 deOio.
772 3668 785 3699 e
794 3655 819 3699 in
830 3659 917 3709 questo
925 3654 999 3709 luogo
1008 3657 1123 3702 soltsnto.

126 3735 190 3780 leo.
204 3735 385 3780 meditandi
404 3739 460 3779 aut
479 3736 607 3780 dicendi
625 3750 725 3782 causa
740 3758 767 3772 -
783 3737 1123 3792 sllorchhspporecchiorosi

77 3803 209 3853 ttomporro
224 3814 239 3847 o
254 3816 270 3846 a
284 3801 387 3846 renitere
401 3803 564 3847 un'orsziono.
579 3825 603 3834 -
618 3805 783 3859 scriptore
797 3808 825 3848 et
843 3805 961 3850 lectore
979 3806 1122 3860 Diphilo.

78 3855 174 3912 intersim
188 3868 195 3912 i
210 3865 317 3914 Romani
336 3881 409 3913 avere
430 3868 525 3913 schlavi
546 3868 587 3914 dai
608 3870 677 3925 quali
691 3870 821 3919 foceueusi
834 3872 940 3927 loquere
955 3885 970 3918 o
987 3871 1095 3917 duisme
1105 3872 1133 3916 'h
