2526 4246
297 208 338 246 nn
356 207 500 256 onauonn
518 208 580 248 nin.
600 210 621 251 1.
642 207 712 249 cnr.
731 210 820 257 11-1v,
842 210 917 259 §rt-te
1111 199 1143 250 21

66 310 202 387 musicis,
226 312 294 397 quis
318 312 388 378 huic
408 313 508 379 studio
530 314 712 391 litterarum,
735 315 816 400 qnod
838 314 1023 406 profitentur
1045 314 1065 379 ii
1089 317 1141 401 qni

65 414 259 501 grammatici
281 426 389 480 vocant
412 437 436 493 r,
459 416 583 503 penitus
599 437 635 509 ‘sle
658 417 750 495 dedit,
774 416 848 502 quin
871 437 996 482 omnem
1018 417 1142 483 illarum

65 517 180 582 artium
204 537 303 603 paene
316 484 471 584 inssiriliffit
487 490 558 597 iberi
569 504 773 586 et'materiem
789 519 912 585 scientia
928 529 957 585 et
972 520 1142 607 cognitione

62 619 358 705 comprehenderit?
402 620 486 693 Vere,
510 622 587 686 mibi
618 622 673 687 boc
702 623 809 688 rideor
835 642 899 687 esse
927 621 1075 699 dicturus
1104 643 1141 688 ex
1170 628 1199 681 ll

62 721 211 788 omnibus
233 722 279 807 iis,
347 723 354 788 i
377 724 410 788 in
434 725 544 791 harum
567 724 679 791 artium
701 724 923 790 liberalissimis
950 724 1058 789 studiis
1080 726 1140 789 sint

61 824 274 910 doctrinisque
295 744 601 935 &iffminimam
624 828 741 913 copiam
767 837 893 913 poetarn
939 844 944 851 ·
987 827 1138 914 regiorum

61 928 225 993 exstitisse.
249 929 345 1014 Atque
361 931 392 995 in
409 931 465 996 boc
479 930 544 1016 ipso
560 952 698 1002 numero,
725 931 755 995 in
772 952 831 1016 qno
853 846 1140 1023 pfflexoritur

60 1031 175 1116 aliquis
204 1051 265 1146 e,W
286 1034 364 1142 lens,
387 1033 597 1131 sidiligentor
623 1044 653 1100 et
681 1055 717 1099 ex
741 1020 916 1099 nostrortffu
938 1044 968 1099 et
989 1054 1027 1098 ex
1050 1033 1139 1099 Grae-

60 1155 170 1201 corum
193 1034 286 1237 affl
301 1110 477 1222 coibparare
493 1139 585 1214 voles,
602 1141 698 1204 multo
714 1149 817 1203 tamen
832 1137 988 1223 panciores
1003 1147 1138 1202 oratores

60 1258 156 1323 quam
179 1248 287 1324 poetae
309 1238 380 1305 boni
408 1241 609 1325 reperientur.
656 1240 743 1324 Quod
770 1240 940 1305 boeotiam
967 1240 1137 1305 mirabilius
1167 1245 1197 1296 12

58 1340 149 1406 debet
175 1340 285 1419 videri,
308 1343 379 1427 qnia
401 1354 570 1409 ceterarum
593 1343 705 1409 artium
729 1343 826 1409 studia
850 1343 913 1409 lere
936 1363 953 1408 e
976 1342 1137 1409 reconditis

58 1455 152 1529 atqua
175 1444 287 1521 abditis
310 1445 442 1511 lontibus
466 1447 660 1523 hauriuntur,
685 1446 804 1512 dicendi
827 1457 929 1511 antem
945 1445 1045 1510 omnis
1062 1447 1137 1510 ratio

60 1548 92 1612 in
116 1524 223 1612 iii'edb
243 1548 340 1632 posita
362 1550 516 1615 communi
540 1549 670 1634 quodam
696 1549 726 1613 in
746 1571 802 1615 usn
818 1558 908 1633 atque
923 1548 955 1611 in
975 1547 1134 1613 bominum

60 1671 147 1716 more
171 1661 201 1715 et
224 1671 365 1717 sermone
380 1662 529 1729 versatur,
553 1662 585 1718 nt
608 1652 640 1716 in
662 1653 770 1718 ceteris
793 1651 824 1716 id
847 1651 980 1716 maxime
998 1652 1134 1728 excellat,

56 1753 142 1838 quod
158 1753 334 1839 longissime
349 1755 387 1819 sit
403 1756 441 1821 ab
456 1756 670 1841 imperitorum
686 1755 893 1841 intellegentia
911 1774 1063 1840 sensuque
1078 1754 1136 1819 dis-

59 1856 166 1922 iuncto
203 1907 209 1932 ,
235 1856 265 1920 in
288 1857 416 1923 dicendo
438 1869 540 1925 autern
563 1859 672 1925 vitium
696 1860 742 1922 vel
766 1859 936 1923 maximnm
966 1858 1004 1921 sit
1031 1879 1047 1922 a
1070 1859 1139 1957 rnl3
1173 1940 1177 1953 Ι

57 1959 124 2045 gari
123 1876 260 2136 Q?
283 1961 427 2025 orationis
449 1974 540 2046 atque
563 1983 578 2026 a
601 1962 820 2026 consuetudine
834 1944 1134 2057 commtrnisfsairsiis
1164 1948 1189 1973 '⁴

57 2060 159 2125 abbr
232 2114 238 2125 .

103 2164 164 2277 IX.
227 2184 288 2261 ¹ne
310 2165 385 2231 illud
409 2165 534 2250 quidem
551 2165 695 2231 veredici
714 2178 821 2252 potest,
837 2176 889 2231 ant
906 2169 1011 2252 plures
1026 2164 1133 2229 ceteris
1160 2180 1193 2234 13

1192 1944 1229 1989 ‘a

60 2164 277 2433 insert‘ffitt
291 2268 406 2333 maiore
417 2268 618 2334 delectatione
634 2279 685 2355 aut
699 2269 907 2365 speuberiore
919 2277 971 2333 ant
985 2267 1130 2352 praemiis

60 2368 98 2433 ad
114 2389 171 2454 per
193 2369 349 2436 iscendnm
364 2371 565 2457 amplioribus
587 2356 781 2437 comitiliveri.
807 2373 912 2456 Atque,
935 2381 969 2435 ut
991 2369 1130 2434 omittant

56 2470 225 2550 Graeciam,
241 2493 319 2558 qnae
334 2494 456 2559 semper
469 2475 661 2558 eloquentiae
675 2475 817 2560 princeps
833 2494 897 2540 esso
917 2473 1023 2549 voluit,
1040 2482 1130 2556 atque

57 2573 125 2640 illas
137 2575 276 2641 omnium
286 2576 495 2644 doctrinarum
507 2578 690 2643 inventrices
702 2579 883 2657 Athenasin
892 2578 1002 2664 quibus
1010 2596 1129 2643 sunnna

59 2802 126 2834 renio
140 2788 262 2843 frequenti
280 2792 380 2847 esempi.
394 2816 421 2824 —
434 2794 576 2838 scientia
597 2798 626 2838 at
648 2796 844 2850 coquinaria·
864 2800 923 2840 nota
942 2794 1064 2847 l’omliadi,
1084 2794 1128 2837 cbo

59 2860 80 2903 si
94 2860 143 2914 pub
158 2861 262 2906 rendere
277 2876 332 2908 con:
348 2863 489 2909 erudizione
507 2863 649 2909 scientifica.

125 2961 167 3005 ll.
182 2960 350 3006 minimam
371 2963 532 3016 coptam...
545 2962 725 3007 aaatittase.
748 2963 847 3016 Eppure
863 2977 938 3008 erano
953 2963 995 3016 gio
1004 2962 1092 3008 visenti
1103 2962 1127 3007 in

58 3026 147 3075 Gracia
163 3031 260 3085 otnero,
273 3032 371 3088 Esiodo,
385 3032 499 3088 Pindaro,
510 3033 672 3085 Anacreonte,
683 3033 832 3089 Aristofane,
845 3035 988 3088 Menandro,
1001 3033 1127 3088 Euripide.

59 3098 165 3145 Soracte!
187 3125 213 3132 -
227 3102 331 3157 Atque
345 3125 372 3139 ==
386 3104 494 3159 Eppnre,
508 3118 521 3149 e
536 3104 691 3149 nondimeno.
706 3128 731 3135 -
746 3118 937 3160 comparare
951 3127 977 3140 =-
995 3106 1033 3150 far
1044 3105 1127 3159 giueto

59 3168 169 3225 aindizio,
185 3173 322 3219 esnminare
337 3180 543 3220 accurratarnente.
563 3200 589 3208 —
600 3177 777 3231 pauciores
799 3182 961 3232 oratores,
980 3177 1032 3221 scil.
1047 3178 1127 3222 bont.

61 3236 89 3281 lli
103 3240 171 3286 solito
186 3243 211 3287 la
224 3256 324 3298 propos,
336 3245 475 3299 principale
497 3260 511 3289 c
532 3247 557 3291 la
578 3246 724 3292 secandarie
738 3246 764 3291 di
780 3262 812 3292 un
833 3247 937 3302 periodo
958 3248 1126 3301 comparativo

60 3305 136 3356 hanno
150 3325 252 3359 comune
266 3329 299 3360 un
313 3315 416 3360 termine
431 3316 470 3360 del
485 3330 619 3371 paragone,
633 3317 716 3370 specio
732 3320 747 3362 il
763 3319 898 3373 predicato.

121 3409 169 3455 12.
183 3410 240 3455 ltoc
261 3411 274 3456 b
288 3413 337 3457 abl.
347 3411 373 3456 di
382 3411 475 3457 misnra
485 3413 525 3457 del
535 3427 643 3466 compar.
654 3417 812 3460 mirabilius.
826 3441 851 3448 -
866 3419 898 3461 ia
920 3419 1022 3462 vuadio
1036 3437 1062 3450 ==
1076 3419 1125 3461 alla

63 3488 173 3523 utana-
190 3482 220 3526 in
240 3483 406 3531 hominum
425 3497 511 3529 mora
532 3489 559 3529 et
580 3497 726 3531 cortanna
739 3507 766 3521 -
779 3490 819 3532 nel
839 3493 949 3534 costuma
969 3501 982 3533 e
1001 3487 1126 3533 nellenb-

63 3548 125 3593 nario
137 3550 235 3605 parlare
251 3552 290 3598 dal
304 3555 404 3608 popolo.
418 3579 444 3586 -
458 3568 624 3610 sensuque.
639 3555 686 3608 Qui
700 3570 793 3602 sarteas
808 3561 877 3605 vale:
892 3573 943 3605 riso.

96 3654 342 3711 (inp.1V.-18.
364 3674 434 3705 ocra
456 3663 522 3707 dici
538 3683 565 3697 =
583 3661 721 3708 afferurarsi
740 3678 785 3709 con
804 3667 936 3712 sicurezza.
955 3692 981 3699 --
1000 3668 1125 3719 cetaria,

63 3728 112 3771 tob.
124 3728 231 3774 nrtlbae.
245 3753 271 3761 -
285 3730 389 3777 voluit
402 3752 430 3766 =·
442 3738 548 3788 pretese.
563 3757 589 3764 —
604 3733 722 3782 illae...
739 3734 894 3791 Albanae,
913 3738 1005 3792 perche
1020 3736 1125 3781 celebro.

62 3796 165 3849 wernid
178 3813 194 3844 a
212 3800 276 3855 tutti,
290 3814 303 3846 e
318 3801 495 3856 specialmenta
516 3804 740 3858 agl'interlocutori
755 3805 794 3850 dal
810 3807 917 3863 dialogo,
935 3808 1002 3854 assai
1019 3818 1084 3853 nota.
1099 3831 1124 3837 --

65 3860 248 3916 inventrices
269 3870 283 3915 b
303 3885 337 3917 un
351 3869 409 3916 eost.
424 3874 528 3929 mobile,
547 3872 634 3931 percio
650 3875 777 3923 concorda
795 3892 846 3926 oon
860 3878 981 3925 Attianos
1002 3879 1085 3922 atione
1097 3877 1144 3920 nex

65 3943 154 3983 seuero.
168 3962 193 3971 —-
205 3941 377 3995 creuerunt
389 3964 417 3979 =
431 3946 486 3993 uim
500 3949 616 3997 insitam
632 3952 811 3999 ostenderant
826 3951 932 4008 lberali.
