2526 4246
240 170 280 209 nu
299 169 445 210 onuuonu
462 170 524 210 mn.
544 171 580 221 11,
602 140 672 211 aar.
690 171 787 219 rv-m,
808 173 818 220 s
834 171 897 215 18-24
1055 158 1107 210 125

46 295 95 340 im
119 274 230 340 omnia
250 275 405 361 gymnasia
422 275 597 361 philosophi
616 285 750 353 teneant,
770 287 871 341 tamen
895 295 1002 342 eorum
1025 275 1108 342 audi·

46 398 109 444 »res
132 378 253 444 discum
274 377 381 444 audire
403 398 494 463 quam
520 378 741 464 philosophum
767 380 904 456 maluut;
935 378 987 464 qui
1015 379 1106 445 simul
1186 392 1191 401 ·

46 493 55 545 t
80 480 248 567 increpuit,
271 480 303 545 in
325 480 426 546 media
448 481 586 547 oratione
608 480 646 546 de
668 481 810 547 maximis
826 481 917 547 rebus
940 492 970 546 et
993 481 1106 568 gravis·

46 585 116 648 ,mis
140 583 345 669 disputantem
369 583 588 670 philosophum
610 603 717 649 ornnes
734 583 884 651 unctionis
905 604 993 649 causa
1016 584 1167 671 relic-122

46 698 142 771 nunt,
156 685 199 751 lta
211 687 396 752 levissimam
408 686 637 752 delectationem
652 686 857 774 gravissimae,
873 698 908 751 ut
923 687 980 772 ipsi
992 686 1106 763 terunt,

46 790 156 855 utilitati
173 799 372 875 anteponunt.
417 788 521 856 Otium
537 799 640 855 autem
655 789 736 874 quod
751 790 826 855 dicis
841 809 914 867 esse,
934 789 1105 868 adsenti01·;

46 909 141 954 *erum
164 888 217 953 otii
240 887 354 954 fructus
376 898 421 953 est
444 908 505 953 non
528 887 681 954 contentio
697 888 802 965 animi,
826 888 878 953 sed
901 887 1058 954 relaxatio.

75 988 135 1052 tl.
161 986 258 1072 Saepe
279 1007 317 1052 ex
338 1006 441 1053 socero
467 1007 535 1051 meo
558 985 671 1064 audivi,
694 1006 763 1051 cum
786 986 811 1050 is
834 985 947 1052 diceret
969 1006 1106 1052 socerum

46 1109 124 1154 tuum
153 1089 288 1154 Laelium
317 1109 440 1174 semper
465 1089 529 1154 lere
559 1109 626 1155 cum
651 1089 791 1174 Scipione
818 1089 941 1154 solitum
968 1088 1106 1154 rusticari

46 1212 145 1277 eosque
174 1192 395 1258 incredibiliter
424 1212 638 1278 repuerascere
667 1212 732 1257 esse
762 1192 874 1267 solitos,
903 1212 971 1258 curu
996 1212 1047 1258 ms
1069 1212 1107 1256 ex

46 1295 111 1359 urbe
134 1306 288 1380 tamquam
319 1315 336 1360 e
364 1295 471 1360 vinclis
502 1295 715 1360 evolavisscnt.
739 1293 804 1359 Non
827 1293 925 1359 audeo
947 1294 1047 1360 dicere
1070 1294 1107 1359 de

47 1398 145 1463 talibus
167 1397 251 1474 viris,
275 1397 328 1473 sed
351 1407 453 1463 tamen
483 1398 525 1462 ita
547 1399 623 1462 solet
653 1417 780 1462 narrare
803 1396 955 1474 Scaevola,
978 1397 1108 1462 conchas
1133 1420 1148 1457 ·.

49 1518 89 1562 eos
109 1511 137 1564 et
157 1500 317 1566 umbilicos
332 1500 370 1565 ad
386 1499 518 1565 Caietam
534 1499 617 1565 etad
632 1499 818 1566 Laurentum
834 1501 935 1585 legere
949 1519 1108 1564 consuesse

52 1611 74 1662 el
92 1603 125 1666 ad
147 1623 270 1668 omnem
293 1602 388 1667 animi
404 1603 616 1668 remissionem
631 1602 800 1687 ludumque
822 1601 1014 1666 descendere.
1060 1600 1108 1666 Sic

54 1705 121 1769 euim
142 1727 188 1771 res
211 1726 278 1771 sese
300 1705 401 1783 habet,
424 1716 466 1782 ut,
490 1726 581 1791 quem
605 1705 643 1771 ad
665 1704 790 1770 modum
806 1707 945 1770 volucres
968 1703 1107 1769 videmus

55 1809 250 1886 procreationis
273 1819 363 1893 atque
378 1809 517 1874 utilitatis
532 1828 603 1874 suae
617 1829 705 1873 causa
721 1808 867 1893 effingere
881 1818 911 1872 et
925 1807 1108 1873 constituere

57 1906 132 1986 nidos,
153 1911 275 1976 easdem
297 1922 409 1988 autem,
431 1931 500 1976 cum
523 1911 638 1996 aliquid
661 1911 825 1986 effecerint,
849 1909 970 1974 levandi
994 1910 1106 1975 laboris

58 2010 91 2072 sui
108 2033 198 2091 causa,
221 2013 336 2099 passim
358 2033 392 2078 ac
413 2013 509 2078 libere
531 2015 644 2078 solutas
666 2033 758 2097 opere
780 2012 917 2089 volitare,
942 2013 983 2077 sic
1010 2013 1105 2077 nostri

59 2110 130 2175 animi
152 2111 280 2198 negotiis
303 2111 472 2177 forensibus
494 2122 584 2196 atque
605 2111 724 2176 urbano
739 2131 832 2196 opere
854 2110 961 2176 delessi
977 2111 1105 2197 gestiant

60 2222 83 2267 ac
100 2211 216 2276 volitare
245 2210 369 2295 cupiant
398 2211 483 2276 vacui
507 2231 578 2275 cura
600 2230 634 2274 ac
657 2210 769 2274 labore.
816 2208 918 2293 ltaque
941 2208 1017 2273 illud
1040 2229 1104 2294 ego,
1133 2226 1147 2263 ’-

61 2327 129 2342 *—-

60 2374 143 2429 l'uoristo
157 2385 180 2429 in
194 2397 278 2438 greco,
292 2397 307 2427 o
317 2382 434 2427 denotare
444 2382 460 2426 il
472 2381 606 2426 ‹corrrinoior
616 2380 759 2425 dcll'ozione
769 2379 810 2424 nol
819 2384 928 2433 pussato.
943 2403 967 2410 -
983 2380 1105 2424 discurri

60 2448 151 2495 audire
165 2471 192 2485 =
206 2449 278 2495 udire
296 2450 319 2494 lo
334 2449 437 2502 strepito
448 2448 486 2493 del
503 2448 578 2501 disco,
589 2448 633 2492 elic
649 2460 692 2491 era
702 2461 751 2490 una
770 2459 851 2490 massa
866 2445 890 2489 di
906 2445 971 2490 ferro
987 2459 1000 2490 o
1016 2444 1105 2489 d'altro

60 2515 161 2562 aetolico
177 2518 201 2562 di
223 2529 293 2562 sasso
313 2515 358 2560 cbo
379 2515 513 2559 lanelavasi
536 2518 629 2568 ‹luanto
650 2513 694 2566 pin
715 2514 815 2557 lontano
834 2512 854 2555 si
876 2517 983 2565 potesse.
1004 2535 1030 2542 -
1051 2513 1107 2566 quii

59 2575 145 2636 timul,
164 2597 215 2628 ecc.
238 2584 259 2626 A
281 2583 326 2637 qui
349 2585 404 2626 nott.
426 2582 520 2625 discus.
541 2604 567 2611 -
587 2580 754 2624 auctionis
778 2591 893 2633 carisa,
916 2592 961 2633 per
976 2578 1076 2623 andarsi
1091 2594 1106 2623 a

59 2650 116 2694 “lter
129 2649 205 2703 dolio,
218 2648 333 2704 primsdi
344 2648 497 2692 andarnella
512 2649 629 2701 palestra.
644 2670 669 2677 -
684 2647 938 2701 pravissimae...
957 2646 1106 2691 utilitati

59 2722 78 2738 ²·
89 2713 112 2756 td
124 2719 159 2760 un'
169 2714 334 2768 occupozione
349 2714 486 2767 giorerolo.

108 2799 153 2844 22.
171 2800 278 2845 Otium
295 2799 413 2853 ...quod
428 2799 510 2842 dicis
532 2797 742 2850 cssc=Quonto
758 2796 881 2841 all'essero
896 2797 936 2840 noi
952 2797 976 2840 in
992 2797 1052 2840 azio.

90 2878 150 2936 Cup.
165 2885 221 2928 Vl.
236 2906 262 2914 -
283 2883 447 2928 rusticari
467 2881 509 2931 (da
522 2884 578 2934 rus)
593 2901 620 2914 -=
634 2880 787 2932 villeggiorc.
801 2903 826 2910 -
850 2881 977 2925 ariarecti
985 2880 1106 2924 biltter

60 2949 268 2997 'macrescere
281 2969 307 2983 -
321 2948 470 2993 ridiventuro
485 2963 500 2992 o
515 2949 629 2991 dirittura
644 2946 761 2997 fariciulli,
777 2946 890 2990 sohcrzor
905 2958 973 2991 corne
989 2946 1107 2990 iunciulli.

59 3017 304 3068 *evolavisssuh
328 3030 342 3059 a
363 3014 471 3059 indicare
487 3015 511 3058 la
526 3014 601 3058 fratta
616 3026 629 3055 e
644 3013 660 3055 il
676 3012 798 3057 desiderio
820 3012 864 3057 cbs
886 3026 996 3056 avevano
1019 3012 1043 3055 di
1065 3027 1106 3055 nti-

61 3068 112 3122 darvi
124 3087 209 3135 presto.
223 3106 249 3113 -
264 3082 294 3126 N
297 3094 335 3126 ou
356 3082 469 3134 audeo,
483 3094 530 3125 non
546 3079 636 3133 osorem
651 3093 677 3122 se
692 3092 740 3123 non
755 3078 848 3131 potessi
869 3078 975 3122 oddurrc
991 3079 1015 3122 ln
1036 3077 1107 3121 testi-

61 3145 163 3192 montania
177 3149 233 3193 d'un
248 3161 319 3193 nomo
334 3161 402 3192 conta
417 3147 520 3192 Scerolu
534 3148 588 3196 (scd
603 3149 691 3189 taurea
706 3147 744 3189 ita
758 3145 823 3188 solet
838 3158 952 3189 narrare
965 3145 1106 3191 Scaeuola).

62 3222 80 3233 “
96 3216 257 3261 canebas...
269 3217 296 3258 et
320 3214 492 3259 uncbiltcos
510 3235 535 3247 =
557 3211 723 3264 conchigliee
746 3211 847 3254 testacei
864 3210 887 3254 di
903 3225 977 3260 ntimo,
991 3224 1038 3254 non
1055 3210 1106 3262 pie-

61 3272 128 3326 ltuzze.
137 3282 208 3327 com'e
217 3287 321 3335 proruto
332 3281 363 3325 do
378 3295 409 3324 un
420 3294 494 3334 passo
509 3280 533 3324 di
549 3278 671 3329 Suetonio,
681 3278 725 3322 cbs
741 3277 764 3320 in
782 3276 808 3321 O.
826 3276 906 3331 Culta.
920 3279 954 3329 ld,
968 3277 984 3319 li
995 3275 1104 3320 chionia:

61 3342 126 3388 ⁸b⁰lia
140 3347 237 3392 Oceani.
252 3347 291 3391 Gli
306 3347 424 3391 umbilici
439 3360 481 3391 son
497 3346 558 3391 detti
573 3346 606 3388 da
627 3345 682 3390 noi:
696 3343 828 3388 lomaclrini
850 3342 994 3393 umldlicati
1010 3356 1022 3384 o
1046 3355 1105 3386 sorio

61 3409 124 3454 slteoic
136 3413 158 3457 di
171 3413 305 3459 chiocciole
320 3413 413 3458 finienti
428 3413 453 3457 in
464 3411 633 3466 coperchtottt
643 3411 687 3455 elic
703 3411 768 3454 dallo
783 3409 846 3453 onde
862 3409 900 3453 dcl
917 3422 983 3453 muro
999 3423 1043 3454 son
1054 3413 1105 3461 got-

61 3472 98 3514 ¹³tt
110 3479 140 3521 sul
154 3479 214 3534 tid0;
230 3494 243 3524 e
258 3479 282 3524 di
298 3479 378 3534 questi
394 3479 554 3533 coperchietti
569 3483 679 3531 oppunto
695 3478 823 3521 ictidavuno
839 3475 863 3519 iu
878 3488 949 3519 cerco
964 3475 1104 3529 Scipiones

63 3528 119 3584 Lau,
130 3567 152 3577 -
167 3546 323 3607 Caietam,
337 3546 394 3599 oggi
405 3548 491 3598 (tarta,
501 3546 517 3589 il
528 3546 566 3589 cui
578 3543 673 3597 portat
690 3545 756 3588 (letto
768 3541 799 3584 du
811 3541 926 3596 eietpro
941 3541 1105 3596 lucellana..

62 3599 96 3648 ¹¹2l:
107 3611 277 3657 celeberrimus
291 3616 316 3657 ct
328 3613 499 3666 plenissimus
515 3613 630 3656 tracium.
639 3635 665 3640 —
675 3611 805 3654 Laurea
814 3610 890 3660 traua,
905 3607 965 3651 uitta
976 3609 1015 3653 del
1032 3608 1105 3651 lutrio

62 3667 163 3779 {lippara
175 3680 242 3725 detto
256 3678 308 3724 cosi
323 3679 363 3723 dal
378 3679 447 3723 luuro
463 3678 525 3723 ende
541 3677 720 3722 ubboudarono
740 3677 762 3720 le
778 3687 821 3718 aue
836 3674 942 3726 forost03
956 3675 1014 3727 oggi
1030 3675 1105 3717 'Porri-

76 3744 80 3773 ¹
107 3746 187 3791 aterno.

110 3824 154 3873 ²8.
167 3831 318 3884 postiam.
338 3829 403 3874 Nota
424 3830 469 3874 che
491 3829 533 3884 qui
548 3830 628 3882 aestio
643 3828 656 3872 ὲ
671 3835 743 3873 usato
766 3825 839 3868 cssol.
854 3838 867 3867 a
883 3824 951 3869 volo:
973 3825 1062 3869 trsirlto.
1076 3845 1100 3854 —

64 3888 133 3934 tacut
149 3908 223 3942 cura
244 3910 279 3942 ac
297 3895 408 3940 labore
423 3897 447 3940 in
462 3894 669 3949 corrispondcnza
683 3907 730 3940 con
745 3890 848 3937 solutas
863 3902 948 3946 opero.
