2526 4246
173 156 212 196 un
230 155 453 198 ceurennum.
473 158 509 210 11,
529 158 600 200 cnr.
619 157 837 204 rexnam-cxxv,
858 156 976 208 east-auc
1062 143 1113 196 231

78 248 114 318 illa
132 276 188 325 nea
213 261 311 326 cantic
337 270 367 325 et
394 261 539 327 timiditas
566 261 607 325 in.
626 260 722 325 causis
750 269 876 344 prepter
905 268 1112 343 praestantem

76 357 240 434 prudentiam
262 361 359 427 Crassi
383 364 568 450 neglegenda
591 373 645 428 est.
662 361 793 445 Uterque
808 361 890 426 enim
906 360 1032 426 istorum
1050 381 1111 425 nun

74 458 129 525 uili
142 464 239 530 attulit
253 464 396 550 aliquam,
409 466 461 531 sed
473 485 559 531 suam
572 463 754 551 significavit
766 463 947 528 facultatem.
994 462 1111 528 Etenim
1138 480 1186 535 301

68 569 196 637 renuntia
218 578 290 632 sunt
312 568 344 631 in
367 569 463 634 causis
493 569 524 632 in
551 568 635 632 umni
658 577 746 652 parte
769 566 915 631 erationis
937 566 1111 651 circumspi-

65 661 159 746 cienda,
175 690 214 734 ne
237 670 310 754 quid
332 670 476 747 edendae,
500 691 541 736 ne
562 691 622 756 quo
635 671 753 740 ,irruas
778 670 875 754 Saepe
897 669 1007 754 aliquis
1029 670 1112 734 testis

60 781 179 836 autnon
202 773 295 837 laedit
317 774 492 839 autminus
523 773 623 849 laedit,
649 772 706 835 nisi
732 772 909 850 lacessatur;
941 781 1007 836 crat
1033 793 1112 856 reue,

58 884 153 959 turpent
174 875 321 952 advocati,
345 886 378 941 ut
400 876 592 952 invehamur,
616 884 651 940 ut
673 875 754 938 male
777 875 920 951 dicamus,
933 874 1065 959 denique
1081 887 1114 939 ut

53 967 282 1064 interrogemus:
314 997 376 1043 nun
397 998 536 1055 moveor,
560 998 621 1042 nun
646 976 841 1062 obtempero,
866 998 927 1042 non
950 977 1111 1055 satisfaciu,

49 1091 143 1164 neque
164 1092 267 1145 tamen
290 1081 386 1146 ullam
404 1080 554 1166 adsequor
569 1078 702 1146 laudem.
720 1078 863 1145 llomines
878 1081 962 1145 enim
977 1080 1112 1166 imperiti

47 1176 158 1247 facilius
180 1182 262 1267 quud
277 1184 368 1248 stulte
383 1182 496 1248 dixeris
512 1182 741 1267 reprehendere
756 1203 847 1266 quarn
863 1183 944 1267 quud
959 1183 1114 1268 sapienter

45 1286 170 1350 tacueris
194 1285 319 1350 laudare
341 1296 476 1370 possunt.
523 1284 574 1349 llic
603 1296 753 1370 quantum
780 1285 812 1348 lit
834 1286 917 1361 unali,
941 1286 964 1348 si
989 1286 1111 1362 iratum,
1138 1301 1189 1355 302

45 1390 68 1452 si
91 1409 150 1453 neu
175 1390 313 1463 stultum,
336 1389 360 1452 si
384 1409 446 1453 nun
465 1390 565 1453 levem
580 1398 688 1453 testem
712 1389 848 1453 laeseris!
874 1388 969 1452 Habet
984 1389 1113 1461 enimet

45 1494 232 1556 veluntatem
255 1491 381 1556 nocendi
407 1491 438 1556 in
462 1490 617 1556 iracundia
634 1501 664 1555 et
680 1491 742 1554 vinu
761 1492 791 1555 in
808 1491 930 1575 ingenie
948 1501 977 1555 et
992 1490 1112 1575 pandus

45 1594 73 1656 in
97 1595 177 1672 uita;
202 1614 266 1670 nec,
290 1594 313 1657 si
340 1594 395 1658 hcc
416 1593 540 1659 Crassus
563 1614 625 1659 non
648 1595 823 1668 committit,
848 1593 915 1658 itlec
938 1613 998 1657 nun
1023 1594 1110 1669 nuulti

45 1709 71 1761 et
93 1717 183 1781 saepe
205 1697 407 1762 committunt.
432 1696 497 1780 Quo
520 1697 645 1781 quidem
667 1697 743 1761 mihi
768 1697 888 1781 turpius
911 1696 1008 1760 videri
1032 1696 1110 1760 niluil

45 1801 126 1875 solet,
150 1820 243 1883 quarn
271 1818 339 1864 cum
370 1820 408 1863 ex
430 1799 558 1863 oratoris
585 1799 664 1863 dicte
691 1799 793 1883 alique
820 1810 871 1863 ant
896 1819 1039 1884 response
1062 1810 1113 1863 aut

45 1913 148 1987 rugata
171 1922 271 1966 sermo
294 1901 346 1965 ille
368 1902 521 1986 sequitur:
546 1901 698 1967 «Occidit.
724 1902 1000 1967 Adversariuunne‘t
1018 1902 1112 1965 lunum

50 2024 161 2080 «veru,
184 2004 280 2079 aiunt,
304 2024 336 2068 se
358 2015 387 2068 et
409 2025 490 2081 eum,
515 2024 607 2088 quem
631 2004 767 2069 deiendit
785 2033 814 2068 ».

87 2107 227 2174 LXXV.
245 2105 304 2171 llcc
329 2105 451 2172 Crassus
466 2127 530 2172 nun
546 2119 633 2191 putat
648 2108 704 2171 nisi
719 2107 847 2192 perfidia
861 2108 995 2171 accidere
1010 2128 1112 2191 pusse;
1138 2116 1190 2173 303

45 2228 94 2293 ege
116 2219 217 2274 autern
241 2208 417 2292 saepissime
439 2210 529 2274 video
553 2209 703 2273 in‘cansis
723 2208 838 2293 aliquid
855 2209 926 2272 unali
945 2208 1042 2273 iacere
1059 2210 1112 2272 lue-

45 2311 140 2376 unines
161 2311 291 2375 minime
305 2313 409 2375 malus.
427 2311 529 2394 Quid?
553 2312 640 2389 illud,
657 2312 737 2396 quuud
753 2333 844 2396 supra
862 2311 934 2387 dixi,
952 2312 1049 2375 solere
1064 2332 1113 2376 une

45 2413 146 2478 :edere
168 2424 207 2488 et,
232 2425 265 2478 nt
288 2414 411 2497 planius
434 2415 547 2490 dicam,
572 2414 675 2500 lugere
698 2435 749 2491 ea,
774 2435 851 2498 quae
874 2413 963 2477 ualde
991 2434 1112 2478 causam

45 2535 141 2579 meam
163 2525 350 2601 premerent,
374 2536 442 2580 cum
472 2516 502 2580 id
531 2536 592 2581 nun
621 2516 733 2580 iaciunt
756 2517 806 2580 alii
835 2526 1058 2599 versanturque
1082 2516 1112 2579 in

45 2710 131 2743 τω,-
144 2699 369 2751 praestantem
380 2697 594 2750 prudentiane
608 2717 635 2729 π·
645 2697 754 2749 cingetur
769 2711 885 2741 eenna.—-
899 2696 1050 2750 Uterque,
1064 2708 1114 2738 eric.

45 2762 59 2804 lt
75 2775 147 2806 seusa
163 2761 187 2806 'ez
201 2761 267 2805 l'uno
283 2774 295 2804 e
310 2761 389 2806 l'eltrc
403 2776 451 2806 non
468 2763 549 2806 iecere
564 2763 609 2807 clue
624 2763 770 2807 dinrastrare
790 2764 812 2807 lu
833 2765 884 2808 lau-0
906 2763 1008 2816 proprie
1028 2762 1114 2806 abilita'u

45 2837 127 2879 [autam
142 2833 303 2888 sianificauit
316 2833 493 2887 strenultatem),
508 2848 549 2877 mut
562 2847 609 2878 non
625 2834 774 2879 aecrebbero
796 2836 1011 2879 sastnnziulmente
1026 2834 1049 2878 la
1066 2833 1114 2876 inin

45 2904 100 2948 jutan
114 2900 181 2943 crathi
195 2899 288 2943 attulit
302 2898 421 2954 aliquam
432 2901 447 2944 t.
457 2913 476 2943 e.
484 2901 658 2953 facultatem).
673 2925 697 2931 —
714 2902 858 2955 aliqucam
867 2935 871 2945 .
881 2935 899 2946 .,
912 2903 928 2956 s
931 2902 1114 2946 auucttatenu.

45 2967 146 3020 Aliquis
160 2965 211 3019 pue
225 2966 304 3009 usarsi
321 2966 397 3010 anche
418 2967 483 3010 nelle
505 2968 670 3020 proposizioni
693 2969 815 3023 nuaative,
834 2982 902 3013 eunte
922 2968 972 3021 qui,
987 2982 1026 3010 una
1041 2967 1063 3009 in
1080 2967 1113 3009 tul

45 3046 97 3076 ruso
108 3032 232 3084 significa:
242 3033 360 3085 qualeasa
369 3032 393 3076 di
405 3033 562 3086 importante.
574 3033 597 3077 cli
606 3035 761 3088 sastanmulu,
774 3035 796 3078 di
810 3035 902 3079 uiliern.
912 3034 974 3077 Vedi
985 3034 1050 3076 Stre
1058 3044 1115 3083 “nm

45 3099 161 3142 Granum.
172 3099 244 3142 della
259 3098 350 3152 linaria
365 3100 459 3153 latina,
474 3106 484 3148 t
501 3101 545 3152 utu,
560 3115 582 3144 n.
596 3103 616 3144 ⁸2.

107 3187 177 3230 301.
193 3186 270 3240 qaid
285 3185 298 3228 d
313 3191 384 3230 usato
400 3202 414 3230 u
429 3188 475 3230 me'
486 3187 510 3229 di
526 3188 650 3231 evuerbiu.
661 3213 685 3217 -
702 3190 789 3233 laedi
794 3193 815 3233 t.
831 3188 876 3242 Qui
893 3189 908 3231 il
925 3187 999 3231 uerno
1011 3186 1114 3229 laedere

45 3251 54 3295 'e
69 3259 139 3296 usato
153 3252 257 3296 intrans.
268 3252 306 3295 nel
316 3252 454 3305 significato
465 3253 489 3296 di
505 3267 620 3307 reuocare,
633 3269 680 3298 nen
691 3255 713 3297 di
724 3257 858 3308 offeratae.
870 3278 895 3285 —
911 3255 919 3297 i
926 3267 942 3297 ut
950 3267 962 3297 u
970 3254 1114 3304 elcaranr,

45 3324 95 3362 tntt.
110 3321 136 3362 in
151 3323 250 3363 testem.
264 3342 290 3348 -
304 3332 426 3364 rnoveor
440 3338 466 3354 ==
481 3334 528 3363 nan
544 3321 575 3364 rni
592 3320 667 3364 laseio
683 3321 789 3375 inducre,
806 3333 983 3365 continuavere.
999 3319 1017 3362 ll
1038 3317 1113 3360 uerba

45 3398 105 3436 pass.
119 3385 159 3429 lat.
174 3383 290 3438 equivale
305 3385 408 3429 talvolta
423 3400 437 3429 a
452 3400 483 3429 un
498 3387 574 3430 verbo
590 3388 755 3440 tunseotogieo
770 3388 871 3432 italiana
887 3387 911 3430 di
927 3399 998 3430 senso
1014 3387 1112 3428 ruentum·

45 3451 147 3495 t‘assivo.
397 3460 399 3463 ’

106 3540 180 3583 302.
203 3540 236 3583 ire
258 3541 434 3583 iracundia
448 3561 474 3573 =
488 3542 516 3584 irc
531 3542 674 3585 iracundia
693 3544 780 3586 attane.
800 3567 825 3573 —-
842 3543 968 3597 pauidas
991 3542 1024 3585 ia
1045 3541 1113 3583 rita

45 3625 66 3638 =
80 3605 187 3649 auctorita
209 3619 255 3659 per
274 3604 298 3648 la
317 3619 362 3650 sue
382 3607 434 3650 vite
455 3613 549 3651 onesta.
568 3622 676 3651 -cam
695 3629 721 3641 ==
741 3609 911 3663 altorquando.
930 3633 955 3638 —
978 3609 1112 3653 Ocurnuu

45 3691 65 3704 ε
79 3671 128 3723 egli
142 3671 233 3716 mande
247 3684 262 3715 e
277 3672 348 3716 male.
362 3672 410 3717 en.
421 3674 533 3726 perdere
547 3687 622 3718 rerunt
637 3674 674 3718 tlel
691 3677 761 3725 5282.

80 3749 153 3803 cap.
175 3749 304 3794 LXXV.
330 3773 356 3781 —
384 3752 458 3796 803.
476 3753 637 3806 persidia.
659 3752 732 3804 Cfrzt
751 3755 790 3797 297
812 3758 871 3798 nutu
893 3767 908 3798 a
925 3755 1071 3810 perfidioei.
1089 3773 1113 3782 -

45 3817 175 3869 planiae
194 3835 222 3850 ⁸-
236 3815 280 3869 pilu
295 3817 345 3861 alle
359 3817 447 3861 bunna.
462 3841 488 3848 —-
505 3831 636 3863 eausam
649 3833 750 3864 meam
759 3825 946 3875 preuruerent
959 3840 986 3856 ε·
1004 3822 1037 3865 mi
1052 3827 1112 3865 niet-

45 3881 169 3931 terebbero
185 3882 234 3928 elle
249 3885 343 3928 strette.
357 3906 382 3914 —
396 3888 645 3940 versanturque.
660 3885 741 3933 rtotisi
750 3885 795 3930 che
808 3886 872 3942 dopo
882 3887 1114 3941 uneprepeeiaiene
