2526 4246
124 114 177 165 2ou
495 128 530 168 n.
548 128 654 169 ruem
671 126 836 170 orcunonrs

64 246 99 301 63
170 232 211 297 llr
236 232 296 297 illis
322 242 446 346 autqm,
457 253 536 327 quae
558 242 728 310 remanent,
751 253 787 299 ea
816 232 1028 320 philosophia,
1049 253 1142 321 quaet

127 334 219 421 srepit
243 308 454 421 patrheruiiirli'
469 334 644 449 voluptatis,
666 333 723 401 etsi
750 335 799 401 cui
827 356 902 402 vera
919 336 1068 415 videatur,
1090 356 1143 423 prot

127 439 212 503 anst
234 448 336 503 tarneu
360 437 398 503 ah
420 458 456 503 eo
478 437 555 515 viro,
578 458 671 524 quem
693 457 872 523 quaerimus
889 449 922 504 et
944 460 1035 525 quern
1048 449 1143 505 aueton

128 539 241 627 publici
264 539 382 605 consilii
397 550 428 605 et
444 540 595 626 regendae
609 539 740 607 civitatis
755 539 865 606 ducem
883 550 914 607 et
928 542 1093 608 sententiae
1107 551 1143 626 ato

127 643 319 728 eloquentiae
341 642 513 728 prinoipem
527 641 560 707 in
583 653 700 736 senatu,
713 642 747 708 in
768 645 894 731 populo,
913 643 947 709 in
965 632 1061 711 oausis
1075 644 1143 732 publi

128 766 193 809 esse
215 748 366 811 volumus.
390 743 448 810 Neo
470 746 534 810 ulla
556 755 659 810 tamen
681 745 708 811 ei
738 745 956 832 philosophiae
979 747 1031 813 fiet
1052 747 1143 813 iuiurir

129 848 225 913 nohis.
243 848 307 913 Non
323 846 407 912 euim
424 849 591 933 repelletur
611 847 692 925 inde,
709 868 769 933 quo
785 847 910 935 aggredi
933 870 999 915 non
1020 850 1122 937 cupiet,
1141 878 1143 911 :

131 950 161 1013 iu
187 950 315 1016 hortulis
338 949 471 1035 quiescet
493 949 565 1026 suis,
588 949 641 1016 uhi
669 951 745 1027 vult,
768 949 822 1016 uhi
844 951 939 1017 etiam
962 953 1143 1021 recubausu

130 1052 200 1116 liter
222 1063 252 1115 et
274 1052 400 1117 delicato
422 1072 478 1117 nos
500 1062 604 1118 avocat
625 1074 643 1118 a
666 1052 789 1129 Rostris,
813 1074 829 1117 a
853 1052 984 1133 iudiciis,
1001 1076 1018 1121 a
1036 1055 1143 1132 euria‚l

67 1162 101 1216 ol
129 1164 207 1219 tasse
229 1154 393 1239 sapienter,
418 1154 473 1220 hae
494 1153 675 1241 praesertim
698 1154 884 1241 republica.
931 1155 1048 1223 Verum
1069 1178 1143 1245 egoi

129 1277 242 1342 quaero
264 1278 347 1323 nuno
369 1278 446 1343 quae
469 1257 507 1322 sit
528 1256 725 1344 philosophia
740 1257 911 1336 verissima,
930 1260 985 1325 sed
1000 1280 1078 1346 quae
1091 1271 1142 1325 orat

129 1359 288 1426 ooniuueta
301 1360 442 1425 maxime.
457 1357 557 1442 Quare
569 1359 641 1425 istos
652 1360 718 1425 sine
730 1361 793 1425 ulla
801 1362 988 1428 contumelia
1003 1363 1142 1429 dimittam

129 1474 201 1529 sunt
223 1463 306 1528 enim
329 1472 359 1527 et
381 1461 453 1527 honi
476 1462 535 1526 viri
558 1473 598 1540 et,
625 1462 771 1548 quoniam
793 1461 850 1528 sihi
873 1462 915 1529 ita
939 1465 1094 1543 videntur,
1108 1465 1140 1531 he

130 1578 310 1653 tantumque
333 1586 383 1631 eos
399 1564 628 1643 admoneamus,
640 1575 674 1631 ut
689 1565 777 1643 illud,
793 1564 885 1631 etiam
899 1568 926 1632 si
939 1579 986 1635 est
1001 1569 1141 1635 verissim

131 1669 254 1733 tacitum
276 1678 378 1733 tamen
395 1678 551 1752 tamquam
569 1668 748 1754 mysterium
763 1678 896 1747 teneant,
913 1670 997 1755 quod
1013 1681 1121 1758 negant
1135 1691 1140 1708 ¹

130 1770 189 1834 sari
214 1770 245 1833 iu
270 1791 302 1835 re
320 1771 441 1856 publiea
472 1790 537 1835 esse
564 1771 719 1857 sapientis.
742 1769 827 1848 Nam,
854 1770 879 1835 si
910 1771 969 1839 hoo
1000 1773 1087 1841 nohis
1114 1784 1139 1839 at

130 1871 245 1955 optimo
267 1873 376 1956 cuique
397 1872 615 1957 persuaserint,
639 1892 701 1938 uon
722 1882 867 1958 poterunt
891 1872 948 1939 si
971 1895 1048 1954 esse,
1067 1876 1097 1941 id
1121 1896 1139 1960 q

130 1972 264 2038 maxime
286 1974 422 2059 eupiunt,
446 1973 542 2039 otiosi.
830 1996 855 2075 'r
928 1995 1029 2085 'w‘-

68 2097 103 2151 65
173 2076 314 2144 xvlrl.
327 2077 441 2142 Stoioos
452 2086 649 2161 autemquos
661 2077 791 2143 minime
803 2077 843 2142 im
854 2104 862 2155 q
916 2099 954 2167 ro,
969 2078 1090 2147 dimitto
1101 2091 1138 2145 tar

132 2200 187 2244 uee
209 2200 259 2245 eos
282 2180 374 2245 iratos
390 2200 507 2256 vereor,
525 2179 670 2264 quoniam
693 2179 819 2245 omuino
835 2178 873 2244 ir
914 2236 915 2239 ,
938 2183 1091 2263 nesoiuut;
1113 2194 1137 2248 at

130 2282 209 2347 hano
232 2282 268 2346 iis
292 2281 388 2347 haheo
410 2281 549 2367 gratiam,
582 2280 662 2367 quod
690 2283 746 2348 soli
769 2303 807 2348 ex
828 2282 972 2350 omuibus
998 2287 1136 2372 eloquent

196 2477 247 2520 ⁰8.
269 2488 351 2530 quae
371 2477 552 2521 remanent.
570 2472 608 2517 h'o
622 2473 767 2519 rimanevan
783 2476 883 2528 qunttro
896 2487 911 2519 a
925 2478 1010 2529 tempo
1024 2476 1048 2521 di
1063 2476 1135 2522 Ciorl

129 2547 232 2600 domiso,
246 2547 271 2590 la
285 2546 458 2601 peripatetica,
473 2545 498 2589 la
512 2542 591 2589 stoica
606 2557 619 2589 e
634 2544 776 2598 l‘epieuroe
792 2544 885 2598 Queste
898 2548 1015 2601 suscepit
1024 2549 1135 2603 patronii

127 2618 280 2672 voluptatis.
294 2641 320 2648 -
339 2618 400 2663 etsi
415 2617 467 2661 cui
481 2634 507 2652 =
522 2617 571 2661 etei
585 2616 675 2660 alicui.
688 2639 715 2647 —
731 2617 768 2662 ab
789 2629 821 2660 oo
841 2616 910 2662 viro
924 2635 951 2653 =
965 2617 1008 2663 dal
1017 2624 1135 2665 carattere

127 2687 483 2744 l'uomo‚ehe...-aqqredi
492 2699 554 2732 non
568 2686 1001 2741 cupiet‚pereheEpiouroeisuoi
1010 2690 1134 2745 seguaoi,i:

128 2770 198 2802 oome
213 2757 234 2803 si
248 2757 366 2809 eredere,
385 2759 437 2804 solo
452 2758 475 2802 ai
490 2757 597 2812 pieoeri,
610 2770 659 2802 non
674 2757 853 2802 desiderarano
868 2760 1000 2813 oooupnrsi
1015 2760 1040 2806 di
1052 2761 1134 2816 politic

127 2829 161 2872 in
180 2828 330 2881 hortulis,
349 2828 403 2873 eloh
417 2831 454 2873 ne'
464 2827 570 2881 giardini
585 2827 647 2873 dove
661 2827 777 2882 Epicuro,
787 2827 812 2873 in
822 2829 909 2884 Arena,
918 2829 1005 2876 solere
1019 2834 1103 2877 tenero
1112 2845 1134 2878 se

127 2922 154 2930 —
175 2899 356 2954 sapienter,
379 2900 437 2944 hae
454 2899 656 2954 praesertim
676 2911 710 2943 re
727 2899 865 2954 pontica
883 2917 910 2937 =
927 2913 975 2945 oon
990 2902 1061 2948 sario
1078 2916 1133 2949 eous

128 2969 211 3023 speeie
231 2969 297 3015 nella
317 2969 459 3015 condizione
480 2972 595 3023 presente
615 2968 682 3014 della
700 2969 854 3024 repubblioe.
866 2969 932 3016 Note
946 2970 993 3017 ohe
1006 2973 1093 3021 hae...
1109 2987 1133 3019 re

128 3040 196 3085 blica
212 3039 225 3086 ὲ
240 3040 349 3085 ablativo
365 3042 482 3086 assoluto.

201 3131 254 3173 64.
278 3129 493 3185 philosophia
519 3127 707 3182 verissima,
732 3128 751 3172 il
774 3128 876 3173 sisteme
896 3127 1015 3177 filosofloo
1038 3132 1132 3186 perfetta

127 3203 301 3246 coniuncta
319 3202 456 3245 maelme
470 3217 496 3235 =
511 3200 535 3244 la
550 3199 593 3252 piu
608 3199 777 3244 conveniente.
793 3223 815 3230 -
832 3200 906 3245 honi
923 3201 1002 3256 otri,
1022 3202 1132 3257 buonag

128 3270 219 3316 edetto
234 3286 280 3317 oon
293 3272 379 3327 ironia,
395 3284 464 3316 oome
478 3270 572 3316 ironico
587 3270 600 3314 ὸ
615 3271 742 3327 quoniam
755 3270 861 3314 sintita
876 3271 1008 3318 videntur.
1024 3297 1050 3305 -
1065 3274 1129 3319 tasi

127 3363 154 3381 =
164 3347 244 3392 uelato
254 3347 279 3392 iu
289 3351 365 3402 petto.
372 3345 398 3378 -'
408 3347 571 3401 mysterium.
581 3345 665 3391 Forte:
674 3358 717 3391 ree
728 3357 836 3397 aroana,
843 3347 1007 3401 praesertim
1015 3361 1101 3404 saera,
1109 3363 1125 3394 a

127 3415 229 3469 claudo,
235 3416 299 3470 quta
307 3416 376 3460 decet
386 3428 429 3461 ree
439 3428 531 3460 sacres
542 3428 594 3460 non
604 3419 698 3460 temere
708 3415 869 3470 evomerem
879 3428 896 3460 a
905 3416 982 3472 vulpe
995 3422 1130 3465 contemno

127 3483 204 3529 Forse
219 3485 240 3529 si
255 3498 364 3530 aoeenua
378 3487 421 3540 qni
436 3487 459 3531 ei
474 3484 569 3530 misteri
587 3485 704 3531 Eleusini.
724 3510 750 3516 -
773 3486 892 3540 optimo
913 3488 1028 3542 coique
1048 3507 1075 3525 =
1094 3490 1124 3535 ad

125 3553 171 3607 piu
184 3556 263 3608 probo
278 3555 409 3611 eittadino,
428 3556 451 3601 oi
469 3556 545 3601 buoni
561 3555 633 3607 tome:
648 3555 673 3600 ei
686 3556 734 3600 beu
754 3556 868 3610 pensanti
883 3555 909 3601 in
923 3556 986 3605 fatto
1001 3558 1026 3603 di
1040 3560 1130 3614 politior

127 3636 188 3669 non
208 3629 362 3679 poterunt
380 3627 447 3681 ipsi
465 3639 532 3671 esse
551 3626 655 3681 otiosi,
674 3639 722 3671 nou
737 3632 860 3681 potranno
875 3640 943 3673 esser
957 3629 1092 3686 tranquilli,
1101 3644 1130 3686 pe

126 3693 212 3739 iuveee
228 3694 294 3749 degli
309 3697 409 3752 optimi,
423 3709 609 3750 governeronno
623 3697 647 3742 lo
663 3696 731 3742 State
749 3697 757 3742 i
772 3698 884 3752 pessimi
901 3697 994 3752 (Cimo).

168 3787 243 3841 Cap.
257 3788 384 3833 xvnl.
399 3812 426 3819 —
444 3789 497 3833 65.
516 3787 649 3834 Stoicos.
667 3789 750 3834 Furon
765 3787 817 3834 oosl
831 3788 947 3835 ehiemati
963 3791 995 3837 dn
1013 3786 1085 3852 στοά,
1096 3807 1129 3849 po

117 3860 183 3909 dore
197 3862 338 3918 insegnano
348 3861 455 3918 Zenone,
465 3860 511 3908 eho
520 3860 549 3906 lu
561 3860 581 3906 il
594 3860 725 3906 laudatore
734 3860 801 3905 delle
812 3861 865 3905 loro
880 3863 973 3908 seuoln„
983 3864 1030 3910 Per
1040 3865 1088 3910 essi
1097 3865 1128 3909 l'o:
