2526 4246
256 193 298 231 oe
317 191 463 233 onerose
476 193 536 234 ma.
549 193 598 246 111,
618 193 688 234 cae.
703 193 829 244 mx-nx,
849 181 967 232 semme
1097 157 1147 244 365

73 297 184 364 Oculos
206 307 307 364 autem
331 307 440 364 natura
462 298 560 376 nobis
580 309 614 364 ut
628 319 707 384 equo
729 309 759 365 et
782 300 863 365 leoni
887 311 992 377 saetas,
1009 298 1145 378 caudam,

72 421 173 477 aures,
189 400 226 465 ad
248 410 348 465 motus
370 401 544 466 animorum
560 401 758 467 declarandos
781 402 873 467 dedit.
920 402 1020 486 Quare
1035 403 1067 467 in
1092 403 1147 469 hac
1173 420 1216 474 225

27 510 34 557 ἲ
72 513 177 568 nostra
199 502 315 568 actione
338 503 505 568 secundum
519 523 625 569 vocem
639 505 743 570 vultus
765 506 862 584 valet;
886 504 911 569 is
930 516 1032 570 autem
1053 506 1147 571 oculis

70 606 270 693 gubernatur.
294 607 390 691 Atque
412 607 444 670 in
467 605 504 670 iis
526 606 679 683 omnibus,
703 627 781 692 quae
811 617 883 673 sunt
909 607 1045 685 actionis,
1068 608 1146 674 inest

50 708 223 794 *quaedam
245 708 292 773 uis
315 730 332 773 a
354 718 463 774 natura
486 708 565 774 data.
589 709 690 793 Quare
717 709 809 775 etiam
834 710 889 776 hac
920 711 1066 797 imperiti,
1091 711 1146 777 ltac

70 813 197 898 vulgus,
220 811 276 876 hac
303 810 436 896 denique
467 811 590 877 barbari
613 812 747 878 maxime
781 824 1021 879 commoventur.
1045 813 1145 880 Verba

69 913 158 979 enim
181 913 338 978 neminem
360 924 485 979 movent
508 913 566 978 nisi
590 934 670 991 eum,
687 914 739 1000 qui
755 915 893 980 eiusdem
915 916 1038 1001 linguae
1056 915 1145 981 socie-

70 1026 134 1080 tate
156 1015 333 1081 coniunctus
348 1026 409 1094 est;
425 1015 654 1101 sententiaeque
669 1037 760 1102 saepe
779 1026 884 1083 acutae
905 1037 966 1082 non
989 1027 1145 1084 acutorum

71 1117 236 1184 hominum
257 1138 364 1185 sensus
385 1120 626 1204 praetervolant:
650 1119 736 1197 actio,
760 1140 838 1204 quae
864 1140 939 1206 prae
965 1140 997 1186 se
1027 1130 1145 1186 motum

69 1220 167 1287 animi
191 1221 258 1298 lert,
282 1207 389 1286 omnes
411 1231 529 1301 movet3
554 1221 662 1287 iisdem
685 1223 770 1288 enim
800 1224 938 1289 omnium
963 1222 1057 1288 animi
1084 1243 1147 1288 mo-

70 1323 153 1389 tibus
175 1323 364 1389 concitantur
379 1334 409 1389 et
431 1344 482 1390 eos
504 1323 612 1389 iisdem
630 1324 710 1389 notis
733 1334 763 1390 et
785 1325 818 1390 in
841 1325 910 1390 aliis
932 1336 1098 1411 agnoscunt
1115 1337 1146 1391 et

70 1427 104 1491 in
128 1446 161 1491 se
183 1426 240 1512 ipsi
264 1426 409 1492 indicant.

114 1527 189 1594 LX.
212 1529 257 1594 dd
285 1529 411 1595 aetionis
440 1541 543 1595 autem
576 1550 667 1596 usum
699 1540 790 1616 atque
822 1530 945 1596 laudem
978 1530 1145 1595 maximam
1171 1545 1216 1600 etl

71 1632 140 1698 sine
161 1631 254 1698 dubio
276 1642 396 1717 partem
423 1653 483 1697 vox
509 1632 641 1712 obtinet;
666 1653 744 1719 quae
770 1634 908 1719 primum
938 1642 983 1698 est
1012 1634 1144 1718 optanda

70 1735 175 1814 nobis;
191 1734 312 1812 deinde,
329 1755 538 1820 quaecumque
561 1736 628 1813 erit,
645 1757 680 1801 ea
694 1736 817 1802 tuenda.
840 1735 885 1801 De
907 1756 967 1821 quo
989 1736 1066 1801 illud
1083 1733 1143 1801 iam

71 1838 153 1904 nihil
176 1836 215 1902 ad
238 1837 295 1903 hoc
316 1838 524 1924 praecipiendi
546 1859 651 1925 genus,
675 1859 767 1924 quem
790 1839 827 1904 ad
849 1839 975 1905 modum
997 1840 1062 1904 voci
1084 1860 1143 1905 ser-

70 1941 189 2019 viatur3
205 1939 348 2025 equidem
363 1950 467 2006 tamen
489 1960 600 2027 magno
622 1960 714 2026 opere
732 1961 840 2007 censeo
862 1941 1073 2021 serviendum3
1091 1942 1144 2008 sed

72 2041 150 2108 illud
165 2040 287 2107 videtur
301 2041 339 2107 ab
363 2042 453 2108 huius
476 2043 572 2129 nostri
596 2043 745 2108 sermonis
761 2043 858 2108 officio
881 2063 943 2108 non
966 2043 1143 2122 abhorrere,

72 2146 170 2231 quod,
193 2157 227 2210 ut
249 2144 311 2209 dixi
335 2148 426 2230 paulo
453 2155 537 2222 ante,
561 2145 704 2230 plurimis
731 2146 762 2209 in
786 2145 877 2211 rebus
900 2146 980 2230 quod
1010 2147 1143 2212 maxime

69 2259 116 2315 est
137 2248 222 2324 utile,
253 2248 284 2312 id
306 2248 406 2313 nescio
429 2268 489 2333 quo
511 2258 598 2334 pacto
620 2248 713 2314 etiam
732 2248 817 2314 decet
839 2248 981 2314 maxime.
1007 2247 1082 2313 Nam
1105 2249 1144 2314 ad

27 2408 32 2417 .
70 2371 177 2418 vocem
203 2351 402 2417 obtinendam
432 2351 509 2415 nihil
538 2362 583 2416 est
613 2351 718 2417 utilius
747 2371 839 2436 quam
867 2351 973 2417 crebra
1001 2352 1142 2431 mutatio;

27 2518 29 2523 .
70 2456 149 2521 nihil
173 2453 372 2540 perniciosius
393 2474 486 2539 quam
508 2454 603 2520 ellusa
634 2454 700 2519 sine
732 2453 958 2519 intermissione
980 2455 1142 2521 contentio.

27 2572 32 2617 ;
68 2558 170 2642 Quid?
185 2557 223 2622 ad
246 2577 334 2622 sures
356 2567 474 2622 nostras
488 2567 518 2621 et
540 2557 666 2622 actionis
687 2555 880 2632 suavitatem,
897 2557 971 2643 quid
996 2569 1041 2623 est
1059 2558 1145 2623 vicis·
1170 2568 1216 2623 225

27 162 38 237 ἑ·

27 264 38 309 t

27 394 37 471 l

27 476 34 487 ι

73 2750 367 2762 .----

66 2853 188 2907 Appunto
208 2847 299 2902 perche
321 2852 359 2892 est
379 2849 447 2892 actio
468 2848 547 2901 qnasi
561 2861 646 2893 sermo
668 2848 785 2902 corporis
806 2851 885 2898 (come
904 2848 921 2893 il
941 2849 1086 2903 linguaggio
1104 2850 1144 2895 del

34 2982 38 2991 ,
66 2918 167 2974 corpo),
186 2917 247 2961 deve
266 2917 367 2962 ritrsrre
387 2932 401 2962 a
419 2916 523 2972 puntino
544 2917 559 2961 il
575 2918 690 2971 pensiero
705 2916 772 2962 delle
787 2923 875 2963 mente.

134 3036 403 3080 sessonensium
421 3054 447 3071 =
466 3035 539 3087 dopo.
562 3059 587 3066 -
608 3036 703 3080 hoc...
726 3035 821 3080 hac...
846 3037 921 3089 lsac;
941 3040 1001 3080 note
1020 3035 1045 3080 la
1065 3036 1145 3089 ligura

64 3109 186 3155 eiusdem
208 3107 312 3152 uerbi...
338 3119 355 3150 a
371 3107 460 3160 primo
478 3105 606 3157 repetitio,
628 3108 637 3154 i
659 3106 705 3148 206.
731 3129 757 3134 -
778 3105 963 3159 imperiti...
988 3107 1140 3160 volutis...

65 3178 205 3226 barbari
219 3190 278 3221 sono
293 3176 398 3228 disposti
413 3177 436 3218 in
452 3175 537 3219 ordine
558 3175 583 3218 di
601 3175 739 3229 wodecim
759 3179 768 3225 ξ
788 3177 835 3221 207.
851 3200 877 3207 —
892 3189 953 3222 non
975 3181 1145 3223 acutorum

63 3249 231 3296 hotiiinnne
251 3258 365 3291 sensus
382 3245 645 3299 praetervolant,
666 3257 714 3288 non
734 3258 793 3289 sono
816 3247 936 3291 avvertite
952 3247 984 3293 ds
1006 3248 1045 3292 ehi
1067 3249 1144 3292 nond

63 3325 156 3373 acute,
182 3316 442 3373 praetervolant,
465 3328 558 3368 passon
575 3315 638 3360 oltre
653 3327 727 3359 senza
741 3319 852 3371 toccare;
871 3318 896 3361 la
915 3318 1036 3364 metafore
1056 3320 1145 3363 etolts

62 3390 136 3445 dagli
150 3389 239 3434 ueoelli
254 3402 267 3432 e
284 3387 302 3431 si
319 3387 384 3431 disse
399 3385 529 3430 insiemee
555 3385 619 3430 delle
639 3389 692 3430 oste
712 3399 725 3429 e
745 3384 808 3430 delle
830 3400 887 3431 cose
909 3389 1003 3433 morali.
1021 3413 1046 3420 —
1063 3402 1145 3443 prae

64 3476 112 3509 se.
123 3496 142 3508 ..
163 3460 231 3515 sert
245 3459 284 3503 val
300 3462 404 3512 quanto:
419 3456 539 3502 ostendit.
553 3481 578 3488 —
593 3456 709 3501 iisdem
723 3456 830 3501 aceorde
844 3470 888 3502 eon
904 3460 1024 3504 motibus.

108 3577 185 3628 Cal).
207 3575 273 3618 LX.
292 3598 318 3603 -
340 3573 415 3617 224.
438 3585 529 3617 sesnin
554 3574 649 3624 alque
673 3570 819 3623 laudem
843 3570 949 3616 endiadi.
970 3595 996 3603 -
1020 3586 1055 3617 ea
1076 3579 1140 3624 (eos)

66 3645 196 3695 inertia
205 3664 230 3680 --
241 3645 295 3689 ell'e
311 3643 342 3688 du
357 3654 512 3689 conservare.
521 3665 547 3672 —
564 3641 630 3685 voci
647 3641 826 3685 serviatur.
841 3639 887 3693 Qui
898 3642 982 3686 servio
992 3643 1030 3686 eol
1045 3642 1094 3687 dat.
1104 3646 1144 3689 val

62 3722 174 3776 quanto:
188 3716 268 3759 liabeo
279 3716 452 3759 rationem.—
463 3713 587 3767 officio,
601 3712 758 3765 fine-quo
776 3714 909 3764 pacto:
920 3725 1143 3759 come-vocem

61 3786 284 3838 obtinendem.
308 3785 383 3829 Altri:
404 3797 489 3829 vocem
511 3785 538 3828 in
560 3783 668 3828 dicendo
690 3782 873 3836 obtinendam
894 3782 963 3828 altri:
983 3783 1011 3827 in
1035 3784 1142 3829 dicendo

61 3857 203 3908 ineundam.
217 3879 243 3886 -
259 3856 368 3909 essese
387 3856 458 3900 sine
479 3854 725 3898 intermissione
747 3853 909 3898 consterilis
924 3870 950 3888 =
964 3852 981 3897 il
997 3853 1141 3897 continuare

65 3935 91 3978 lo
109 3934 190 3975 stesso
205 3931 279 3970 tuono
295 3925 434 3979 impetuoso
449 3938 523 3971 senza
539 3926 741 3982 interromnerlo.
