<?xml version="1.0" encoding="UTF-8"?>
<!DOCTYPE html PUBLIC "-//W3C//DTD XHTML 1.0 Transitional//EN"
    "http://www.w3.org/TR/xhtml1/DTD/xhtml1-transitional.dtd">
<html xmlns="http://www.w3.org/1999/xhtml" xml:lang="en" lang="en">
 <head>
  <title>
</title>
<meta http-equiv="Content-Type" content="text/html;charset=utf-8" />
  <meta name='ocr-system' content='tesseract 3.04.00' />
  <meta name='ocr-capabilities' content='ocr_page ocr_carea ocr_par ocr_line ocrx_word'/>
</head>
<body>
  <div class='ocr_page' id='page_1' title='image "./deoratorelibrit00firmgoog_0143.png"; bbox 0 0 2526 4246; ppageno 0'>
   <div class='ocr_carea' id='block_1_1' title="bbox 126 145 831 201">
    <p class='ocr_par' dir='ltr' id='par_1_1' title="bbox 126 145 831 201">
     <span class='ocr_line' id='line_1_1' title="bbox 126 145 831 201; baseline 0.007 -5"><span class='ocrx_word' id='word_1_1' title='bbox 126 145 176 197; x_wconf 79' lang='lat'><strong>128</strong></span> <span class='ocrx_word' id='word_1_2' title='bbox 490 159 525 198; x_wconf 80' lang='lat' dir='ltr'><strong>u.</strong></span> <span class='ocrx_word' id='word_1_3' title='bbox 544 159 649 199; x_wconf 75' lang='lat' dir='ltr'><strong>aucun</strong></span> <span class='ocrx_word' id='word_1_4' title='bbox 668 159 831 201; x_wconf 78' lang='lat' dir='ltr'><strong>mosacum</strong></span> 
     </span>
    </p>
   </div>
   <div class='ocr_carea' id='block_1_2' title="bbox 64 264 1174 2118">
    <p class='ocr_par' dir='ltr' id='par_1_2' title="bbox 104 264 1174 644">
     <span class='ocr_line' id='line_1_2' title="bbox 124 264 1174 352; baseline 0 -22"><span class='ocrx_word' id='word_1_5' title='bbox 124 285 202 350; x_wconf 89' lang='lat' dir='ltr'><strong>quae</strong></span> <span class='ocrx_word' id='word_1_6' title='bbox 223 264 372 330; x_wconf 90' lang='lat' dir='ltr'><strong>sciuntur:</strong></span> <span class='ocrx_word' id='word_1_7' title='bbox 396 265 524 330; x_wconf 87' lang='lat' dir='ltr'><strong>oratoris</strong></span> <span class='ocrx_word' id='word_1_8' title='bbox 546 275 649 332; x_wconf 88' lang='lat' dir='ltr'><strong>autem</strong></span> <span class='ocrx_word' id='word_1_9' title='bbox 678 267 778 331; x_wconf 90' lang='lat' dir='ltr'><strong>omnis</strong></span> <span class='ocrx_word' id='word_1_10' title='bbox 804 266 881 332; x_wconf 89' lang='lat' dir='ltr'><strong>actio</strong></span> <span class='ocrx_word' id='word_1_11' title='bbox 906 266 1108 352; x_wconf 85' lang='lat' dir='ltr'><strong>opinionibus,</strong></span> <span class='ocrx_word' id='word_1_12' title='bbox 1127 284 1174 332; x_wconf 90' lang='lat' dir='ltr'><strong>non</strong></span> 
     </span>
     <span class='ocr_line' id='line_1_3' title="bbox 123 361 1173 451; baseline 0 -24"><span class='ocrx_word' id='word_1_13' title='bbox 123 363 257 441; x_wconf 88' lang='lat' dir='ltr'><strong>scientia,</strong></span> <span class='ocrx_word' id='word_1_14' title='bbox 280 363 461 428; x_wconf 82' lang='lat' dir='ltr'><strong>continetur.</strong></span> <span class='ocrx_word' id='word_1_15' title='bbox 485 361 559 427; x_wconf 89' lang='lat' dir='ltr'><strong>Nam</strong></span> <span class='ocrx_word' id='word_1_16' title='bbox 582 374 611 428; x_wconf 91' lang='lat' dir='ltr'><strong>et</strong></span> <span class='ocrx_word' id='word_1_17' title='bbox 634 364 716 449; x_wconf 88' lang='lat' dir='ltr'><strong>apud</strong></span> <span class='ocrx_word' id='word_1_18' title='bbox 738 384 788 429; x_wconf 86' lang='lat' dir='ltr'><strong>eos</strong></span> <span class='ocrx_word' id='word_1_19' title='bbox 811 364 949 443; x_wconf 83' lang='lat' dir='ltr'><strong>dicimus,</strong></span> <span class='ocrx_word' id='word_1_20' title='bbox 973 365 1173 451; x_wconf 78' lang='lat' dir='ltr'><strong>quibuscum,</strong></span> 
     </span>
     <span class='ocr_line' id='line_1_4' title="bbox 123 456 1173 548; baseline -0.001 -21"><span class='ocrx_word' id='word_1_21' title='bbox 123 472 154 527; x_wconf 91' lang='lat' dir='ltr'><strong>et</strong></span> <span class='ocrx_word' id='word_1_22' title='bbox 176 481 211 527; x_wconf 91' lang='lat' dir='ltr'><strong>ea</strong></span> <span class='ocrx_word' id='word_1_23' title='bbox 233 456 370 539; x_wconf 87' lang='lat' dir='ltr'><strong>dicimus,</strong></span> <span class='ocrx_word' id='word_1_24' title='bbox 394 481 472 546; x_wconf 93' lang='lat' dir='ltr'><strong>quae</strong></span> <span class='ocrx_word' id='word_1_25' title='bbox 494 461 645 527; x_wconf 90' lang='lat' dir='ltr'><strong>nescimus</strong></span> <span class='ocrx_word' id='word_1_26' title='bbox 668 463 734 548; x_wconf 91' lang='lat' dir='ltr'><strong>ipsi.</strong></span> <span class='ocrx_word' id='word_1_27' title='bbox 767 463 870 548; x_wconf 92' lang='lat' dir='ltr'><strong>ltaque</strong></span> <span class='ocrx_word' id='word_1_28' title='bbox 892 474 923 529; x_wconf 90' lang='lat' dir='ltr'><strong>et</strong></span> <span class='ocrx_word' id='word_1_29' title='bbox 945 463 991 528; x_wconf 89' lang='lat' dir='ltr'><strong>illi</strong></span> <span class='ocrx_word' id='word_1_30' title='bbox 1014 463 1086 529; x_wconf 87' lang='lat' dir='ltr'><strong>alias</strong></span> <span class='ocrx_word' id='word_1_31' title='bbox 1110 460 1173 528; x_wconf 91' lang='lat' dir='ltr'><strong>aliud</strong></span> 
     </span>
     <span class='ocr_line' id='line_1_5' title="bbox 104 554 1174 644; baseline 0.001 -20"><span class='ocrx_word' id='word_1_32' title='bbox 104 554 106 559; x_wconf 70' lang='grc'>’</span> <span class='ocrx_word' id='word_1_33' title='bbox 124 560 232 625; x_wconf 88' lang='lat' dir='ltr'><strong>iisdem</strong></span> <span class='ocrx_word' id='word_1_34' title='bbox 254 560 293 625; x_wconf 86' lang='lat' dir='ltr'><strong>de</strong></span> <span class='ocrx_word' id='word_1_35' title='bbox 315 559 406 625; x_wconf 89' lang='lat' dir='ltr'><strong>rebus</strong></span> <span class='ocrx_word' id='word_1_36' title='bbox 422 568 452 624; x_wconf 90' lang='lat' dir='ltr'><strong>et</strong></span> <span class='ocrx_word' id='word_1_37' title='bbox 467 560 603 625; x_wconf 86' lang='lat' dir='ltr'><strong>sentiunt</strong></span> <span class='ocrx_word' id='word_1_38' title='bbox 617 569 648 625; x_wconf 93' lang='lat' dir='ltr'><strong>et</strong></span> <span class='ocrx_word' id='word_1_39' title='bbox 662 561 797 626; x_wconf 90' lang='lat' dir='ltr'><strong>iudicant</strong></span> <span class='ocrx_word' id='word_1_40' title='bbox 812 572 842 626; x_wconf 92' lang='lat' dir='ltr'><strong>et</strong></span> <span class='ocrx_word' id='word_1_41' title='bbox 858 581 912 627; x_wconf 90' lang='lat' dir='ltr'><strong>uos</strong></span> <span class='ocrx_word' id='word_1_42' title='bbox 928 562 1092 627; x_wconf 90' lang='lat' dir='ltr'><strong>contrarias</strong></span> <span class='ocrx_word' id='word_1_43' title='bbox 1105 579 1174 644; x_wconf 85' lang='lat' dir='ltr'><strong>saepe</strong></span> 
     </span>
    </p>

    <p class='ocr_par' dir='ltr' id='par_1_3' title="bbox 86 658 1173 1410">
     <span class='ocr_line' id='line_1_6' title="bbox 86 658 1173 740; baseline 0 -18"><span class='ocrx_word' id='word_1_44' title='bbox 86 735 92 740; x_wconf 34' lang='lat'><em>,</em></span> <span class='ocrx_word' id='word_1_45' title='bbox 123 680 226 724; x_wconf 89' lang='lat' dir='ltr'><strong>causas</strong></span> <span class='ocrx_word' id='word_1_46' title='bbox 248 659 386 736; x_wconf 89' lang='lat' dir='ltr'><strong>dicimus,</strong></span> <span class='ocrx_word' id='word_1_47' title='bbox 417 679 477 723; x_wconf 92' lang='lat' dir='ltr'><strong>non</strong></span> <span class='ocrx_word' id='word_1_48' title='bbox 507 659 597 724; x_wconf 90' lang='lat' dir='ltr'><strong>modo</strong></span> <span class='ocrx_word' id='word_1_49' title='bbox 622 670 656 725; x_wconf 93' lang='lat' dir='ltr'><strong>ut</strong></span> <span class='ocrx_word' id='word_1_50' title='bbox 683 658 806 725; x_wconf 81' lang='lat' dir='ltr'>Crassus</span> <span class='ocrx_word' id='word_1_51' title='bbox 835 671 939 726; x_wconf 88' lang='lat' dir='ltr'><strong>contra</strong></span> <span class='ocrx_word' id='word_1_52' title='bbox 968 681 1019 726; x_wconf 90' lang='lat' dir='ltr'><strong>me</strong></span> <span class='ocrx_word' id='word_1_53' title='bbox 1040 660 1113 726; x_wconf 90' lang='lat' dir='ltr'><strong>dicat</strong></span> <span class='ocrx_word' id='word_1_54' title='bbox 1135 659 1173 724; x_wconf 88' lang='lat' dir='ltr'><strong>ali·</strong></span> 
     </span>
     <span class='ocr_line' id='line_1_7' title="bbox 123 756 1172 843; baseline -0.005 -20"><span class='ocrx_word' id='word_1_55' title='bbox 123 757 245 843; x_wconf 88' lang='lat' dir='ltr'><strong>quando</strong></span> <span class='ocrx_word' id='word_1_56' title='bbox 268 767 320 823; x_wconf 91' lang='lat' dir='ltr'><strong>aut</strong></span> <span class='ocrx_word' id='word_1_57' title='bbox 348 778 402 842; x_wconf 80' lang='lat' dir='ltr'><strong>ego</strong></span> <span class='ocrx_word' id='word_1_58' title='bbox 431 768 535 822; x_wconf 89' lang='lat' dir='ltr'><strong>contra</strong></span> <span class='ocrx_word' id='word_1_59' title='bbox 565 756 715 835; x_wconf 81' lang='lat' dir='ltr'>Crassum,</span> <span class='ocrx_word' id='word_1_60' title='bbox 751 778 820 823; x_wconf 92' lang='lat' dir='ltr'><strong>cum</strong></span> <span class='ocrx_word' id='word_1_61' title='bbox 851 759 991 825; x_wconf 87' lang='lat' dir='ltr'><strong>alterutri</strong></span> <span class='ocrx_word' id='word_1_62' title='bbox 1017 778 1129 824; x_wconf 88' lang='lat' dir='ltr'><strong>necesse</strong></span> <span class='ocrx_word' id='word_1_63' title='bbox 1145 756 1172 819; x_wconf 89' lang='lat' dir='ltr'><strong>sit</strong></span> 
     </span>
     <span class='ocr_line' id='line_1_8' title="bbox 124 855 1171 941; baseline -0.001 -22"><span class='ocrx_word' id='word_1_64' title='bbox 124 856 233 921; x_wconf 89' lang='lat' dir='ltr'><strong>lalsum</strong></span> <span class='ocrx_word' id='word_1_65' title='bbox 256 855 366 932; x_wconf 88' lang='lat' dir='ltr'><strong>dicere,</strong></span> <span class='ocrx_word' id='word_1_66' title='bbox 389 855 556 921; x_wconf 89' lang='lat' dir='ltr'><strong>sedetiam</strong></span> <span class='ocrx_word' id='word_1_67' title='bbox 585 867 619 921; x_wconf 94' lang='lat' dir='ltr'><strong>ut</strong></span> <span class='ocrx_word' id='word_1_68' title='bbox 648 866 777 941; x_wconf 87' lang='lat' dir='ltr'><strong>uterque</strong></span> <span class='ocrx_word' id='word_1_69' title='bbox 807 866 947 923; x_wconf 87' lang='lat' dir='ltr'><strong>nostrum</strong></span> <span class='ocrx_word' id='word_1_70' title='bbox 975 857 1081 923; x_wconf 90' lang='lat' dir='ltr'><strong>eadem</strong></span> <span class='ocrx_word' id='word_1_71' title='bbox 1100 856 1132 921; x_wconf 89' lang='lat' dir='ltr'><strong>de</strong></span> <span class='ocrx_word' id='word_1_72' title='bbox 1149 873 1171 918; x_wconf 87' lang='lat' dir='ltr'><strong>re</strong></span> 
     </span>
     <span class='ocr_line' id='line_1_9' title="bbox 123 952 1170 1041; baseline -0.004 -23"><span class='ocrx_word' id='word_1_73' title='bbox 123 954 197 1018; x_wconf 88' lang='lat' dir='ltr'><strong>alias</strong></span> <span class='ocrx_word' id='word_1_74' title='bbox 220 953 303 1019; x_wconf 91' lang='lat' dir='ltr'><strong>aliud</strong></span> <span class='ocrx_word' id='word_1_75' title='bbox 325 952 478 1029; x_wconf 85' lang='lat' dir='ltr'><strong>defendat,</strong></span> <span class='ocrx_word' id='word_1_76' title='bbox 501 974 570 1020; x_wconf 93' lang='lat' dir='ltr'><strong>cum</strong></span> <span class='ocrx_word' id='word_1_77' title='bbox 592 956 662 1041; x_wconf 92' lang='lat' dir='ltr'><strong>plus</strong></span> <span class='ocrx_word' id='word_1_78' title='bbox 684 974 745 1019; x_wconf 89' lang='lat' dir='ltr'><strong>uno</strong></span> <span class='ocrx_word' id='word_1_79' title='bbox 775 975 883 1020; x_wconf 88' lang='lat' dir='ltr'><strong>verum</strong></span> <span class='ocrx_word' id='word_1_80' title='bbox 913 975 979 1021; x_wconf 90' lang='lat' dir='ltr'><strong>esse</strong></span> <span class='ocrx_word' id='word_1_81' title='bbox 1005 974 1067 1021; x_wconf 91' lang='lat' dir='ltr'><strong>non</strong></span> <span class='ocrx_word' id='word_1_82' title='bbox 1091 952 1170 1040; x_wconf 87' lang='lat' dir='ltr'><strong>possit</strong></span> 
     </span>
     <span class='ocr_line' id='line_1_10' title="bbox 124 1047 1170 1138; baseline -0.005 -21"><span class='ocrx_word' id='word_1_83' title='bbox 124 1051 161 1117; x_wconf 90' lang='lat' dir='ltr'><strong>Ut</strong></span> <span class='ocrx_word' id='word_1_84' title='bbox 184 1051 275 1136; x_wconf 83' lang='lat' dir='ltr'><strong>igitur</strong></span> <span class='ocrx_word' id='word_1_85' title='bbox 297 1052 328 1115; x_wconf 90' lang='lat' dir='ltr'><strong>in</strong></span> <span class='ocrx_word' id='word_1_86' title='bbox 352 1051 417 1136; x_wconf 83' lang='lat' dir='ltr'><strong>eius</strong></span> <span class='ocrx_word' id='word_1_87' title='bbox 441 1052 521 1116; x_wconf 89' lang='lat' dir='ltr'><strong>modi</strong></span> <span class='ocrx_word' id='word_1_88' title='bbox 546 1073 589 1128; x_wconf 86' lang='lat' dir='ltr'><strong>re,</strong></span> <span class='ocrx_word' id='word_1_89' title='bbox 613 1073 690 1137; x_wconf 86' lang='lat' dir='ltr'><strong>quae</strong></span> <span class='ocrx_word' id='word_1_90' title='bbox 712 1051 871 1118; x_wconf 87' lang='lat' dir='ltr'><strong>mendacio</strong></span> <span class='ocrx_word' id='word_1_91' title='bbox 893 1053 965 1119; x_wconf 84' lang='lat' dir='ltr'><strong>nixa</strong></span> <span class='ocrx_word' id='word_1_92' title='bbox 988 1053 1036 1130; x_wconf 87' lang='lat' dir='ltr'><strong>sit,</strong></span> <span class='ocrx_word' id='word_1_93' title='bbox 1059 1072 1128 1138; x_wconf 92' lang='lat' dir='ltr'><strong>quae</strong></span> <span class='ocrx_word' id='word_1_94' title='bbox 1144 1047 1170 1114; x_wconf 88' lang='lat' dir='ltr'><strong>ad</strong></span> 
     </span>
     <span class='ocr_line' id='line_1_11' title="bbox 124 1150 1171 1236; baseline -0.005 -23"><span class='ocrx_word' id='word_1_95' title='bbox 124 1150 281 1214; x_wconf 87' lang='lat' dir='ltr'><strong>scientiam</strong></span> <span class='ocrx_word' id='word_1_96' title='bbox 304 1169 366 1214; x_wconf 90' lang='lat' dir='ltr'><strong>non</strong></span> <span class='ocrx_word' id='word_1_97' title='bbox 390 1170 479 1234; x_wconf 89' lang='lat' dir='ltr'><strong>saepe</strong></span> <span class='ocrx_word' id='word_1_98' title='bbox 501 1151 671 1235; x_wconf 86' lang='lat' dir='ltr'><strong>perveniat,</strong></span> <span class='ocrx_word' id='word_1_99' title='bbox 695 1171 773 1235; x_wconf 87' lang='lat' dir='ltr'><strong>quae</strong></span> <span class='ocrx_word' id='word_1_100' title='bbox 800 1150 960 1236; x_wconf 84' lang='lat' dir='ltr'><strong>opiniones</strong></span> <span class='ocrx_word' id='word_1_101' title='bbox 985 1151 1135 1216; x_wconf 87' lang='lat' dir='ltr'><strong>bominum</strong></span> <span class='ocrx_word' id='word_1_102' title='bbox 1151 1156 1171 1210; x_wconf 89' lang='lat' dir='ltr'><strong>et</strong></span> 
     </span>
     <span class='ocr_line' id='line_1_12' title="bbox 124 1247 1170 1335; baseline 0 -27"><span class='ocrx_word' id='word_1_103' title='bbox 124 1266 213 1330; x_wconf 84' lang='lat' dir='ltr'><strong>saepe</strong></span> <span class='ocrx_word' id='word_1_104' title='bbox 236 1266 355 1311; x_wconf 91' lang='lat' dir='ltr'><strong>errores</strong></span> <span class='ocrx_word' id='word_1_105' title='bbox 378 1257 555 1331; x_wconf 73' lang='lat' dir='ltr'>aucupetur,</span> <span class='ocrx_word' id='word_1_106' title='bbox 584 1248 623 1312; x_wconf 88' lang='lat' dir='ltr'><strong>ita</strong></span> <span class='ocrx_word' id='word_1_107' title='bbox 650 1247 757 1324; x_wconf 88' lang='lat' dir='ltr'><strong>dicam,</strong></span> <span class='ocrx_word' id='word_1_108' title='bbox 789 1248 813 1311; x_wconf 93' lang='lat' dir='ltr'><strong>si</strong></span> <span class='ocrx_word' id='word_1_109' title='bbox 842 1268 963 1335; x_wconf 90' lang='lat' dir='ltr'><strong>causam</strong></span> <span class='ocrx_word' id='word_1_110' title='bbox 985 1248 1096 1335; x_wconf 90' lang='lat' dir='ltr'><strong>putatis</strong></span> <span class='ocrx_word' id='word_1_111' title='bbox 1115 1263 1170 1317; x_wconf 86' lang='lat' dir='ltr'><strong>esse,</strong></span> 
     </span>
     <span class='ocr_line' id='line_1_13' title="bbox 123 1344 337 1410; baseline 0 -1"><span class='ocrx_word' id='word_1_112' title='bbox 123 1365 178 1410; x_wconf 92' lang='lat' dir='ltr'><strong>cur</strong></span> <span class='ocrx_word' id='word_1_113' title='bbox 199 1344 337 1410; x_wconf 87' lang='lat' dir='ltr'><strong>audiatis.</strong></span> 
     </span>
    </p>

    <p class='ocr_par' dir='ltr' id='par_1_4' title="bbox 64 1442 1171 1726">
     <span class='ocr_line' id='line_1_14' title="bbox 64 1442 1171 1530; baseline -0.005 -21"><span class='ocrx_word' id='word_1_114' title='bbox 64 1467 95 1520; x_wconf 81' lang='lat'><strong>31</strong></span> <span class='ocrx_word' id='word_1_115' title='bbox 134 1511 137 1519; x_wconf 75' lang='grc'><em>,</em></span> <span class='ocrx_word' id='word_1_116' title='bbox 167 1444 269 1509; x_wconf 83' lang='lat' dir='ltr'><strong>Vlll.</strong></span> <span class='ocrx_word' id='word_1_117' title='bbox 292 1442 349 1509; x_wconf 92' lang='lat' dir='ltr'><strong>Nos</strong></span> <span class='ocrx_word' id='word_1_118' title='bbox 373 1464 445 1509; x_wconf 88' lang='lat' dir='ltr'><strong>vero</strong></span> <span class='ocrx_word' id='word_1_119' title='bbox 467 1453 497 1509; x_wconf 92' lang='lat' dir='ltr'><strong>et</strong></span> <span class='ocrx_word' id='word_1_120' title='bbox 519 1443 608 1508; x_wconf 87' lang='lat' dir='ltr'><strong>valde</strong></span> <span class='ocrx_word' id='word_1_121' title='bbox 631 1443 765 1528; x_wconf 90' lang='lat' dir='ltr'><strong>quidem,</strong></span> <span class='ocrx_word' id='word_1_122' title='bbox 782 1443 905 1509; x_wconf 83' lang='lat' dir='ltr'><strong>Catulus</strong></span> <span class='ocrx_word' id='word_1_123' title='bbox 920 1443 1031 1530; x_wconf 86' lang='lat' dir='ltr'><strong>inquit,</strong></span> <span class='ocrx_word' id='word_1_124' title='bbox 1043 1453 1171 1530; x_wconf 90' lang='lat' dir='ltr'><strong>putamus,</strong></span> 
     </span>
     <span class='ocr_line' id='line_1_15' title="bbox 123 1541 1171 1628; baseline -0.002 -22"><span class='ocrx_word' id='word_1_125' title='bbox 123 1551 257 1627; x_wconf 88' lang='lat' dir='ltr'><strong>atqueeo</strong></span> <span class='ocrx_word' id='word_1_126' title='bbox 269 1543 374 1628; x_wconf 81' lang='lat' dir='ltr'><strong>magis,</strong></span> <span class='ocrx_word' id='word_1_127' title='bbox 382 1542 463 1628; x_wconf 88' lang='lat' dir='ltr'><strong>quod</strong></span> <span class='ocrx_word' id='word_1_128' title='bbox 477 1543 561 1607; x_wconf 90' lang='lat' dir='ltr'><strong>nulla</strong></span> <span class='ocrx_word' id='word_1_129' title='bbox 574 1542 651 1605; x_wconf 84' lang='lat' dir='ltr'><strong>milri</strong></span> <span class='ocrx_word' id='word_1_130' title='bbox 664 1541 864 1606; x_wconf 90' lang='lat' dir='ltr'><strong>ostentatione</strong></span> <span class='ocrx_word' id='word_1_131' title='bbox 872 1541 987 1607; x_wconf 87' lang='lat' dir='ltr'><strong>videris</strong></span> <span class='ocrx_word' id='word_1_132' title='bbox 1000 1562 1064 1608; x_wconf 91' lang='lat' dir='ltr'><strong>esse</strong></span> <span class='ocrx_word' id='word_1_133' title='bbox 1076 1556 1171 1609; x_wconf 67' lang='lat' dir='ltr'><strong>usurus</strong></span> 
     </span>
     <span class='ocr_line' id='line_1_16' title="bbox 124 1639 1171 1726; baseline -0.005 -22"><span class='ocrx_word' id='word_1_134' title='bbox 124 1639 254 1706; x_wconf 84' lang='lat' dir='ltr'><strong>Exorsus</strong></span> <span class='ocrx_word' id='word_1_135' title='bbox 276 1661 308 1705; x_wconf 89' lang='lat' dir='ltr'><strong>es</strong></span> <span class='ocrx_word' id='word_1_136' title='bbox 330 1641 413 1705; x_wconf 92' lang='lat' dir='ltr'><strong>enim</strong></span> <span class='ocrx_word' id='word_1_137' title='bbox 436 1661 498 1705; x_wconf 91' lang='lat' dir='ltr'><strong>non</strong></span> <span class='ocrx_word' id='word_1_138' title='bbox 519 1640 657 1726; x_wconf 81' lang='lat' dir='ltr'><strong>gloriose,</strong></span> <span class='ocrx_word' id='word_1_139' title='bbox 675 1650 708 1705; x_wconf 90' lang='lat' dir='ltr'><strong>ut</strong></span> <span class='ocrx_word' id='word_1_140' title='bbox 730 1650 763 1705; x_wconf 94' lang='lat' dir='ltr'><strong>tu</strong></span> <span class='ocrx_word' id='word_1_141' title='bbox 784 1650 882 1725; x_wconf 91' lang='lat' dir='ltr'><strong>putas,</strong></span> <span class='ocrx_word' id='word_1_142' title='bbox 899 1641 996 1726; x_wconf 84' lang='lat' dir='ltr'><strong>magis</strong></span> <span class='ocrx_word' id='word_1_143' title='bbox 1017 1661 1034 1706; x_wconf 88' lang='lat' dir='ltr'><strong>a</strong></span> <span class='ocrx_word' id='word_1_144' title='bbox 1057 1640 1171 1709; x_wconf 83' lang='lat' dir='ltr'><strong>veritate,</strong></span> 
     </span>
    </p>

    <p class='ocr_par' dir='ltr' id='par_1_5' title="bbox 64 1737 1173 1920">
     <span class='ocr_line' id='line_1_17' title="bbox 64 1737 1172 1825; baseline -0.009 -18"><span class='ocrx_word' id='word_1_145' title='bbox 64 1755 97 1807; x_wconf 74' lang='lat'><strong>32</strong></span> <span class='ocrx_word' id='word_1_146' title='bbox 123 1758 216 1823; x_wconf 90' lang='lat' dir='ltr'><strong>quam</strong></span> <span class='ocrx_word' id='word_1_147' title='bbox 239 1739 280 1824; x_wconf 88' lang='lat' dir='ltr'><strong>[a]</strong></span> <span class='ocrx_word' id='word_1_148' title='bbox 304 1738 404 1803; x_wconf 91' lang='lat' dir='ltr'><strong>nescio</strong></span> <span class='ocrx_word' id='word_1_149' title='bbox 423 1758 481 1823; x_wconf 90' lang='lat' dir='ltr'><strong>qua</strong></span> <span class='ocrx_word' id='word_1_150' title='bbox 504 1738 659 1824; x_wconf 82' lang='lat' dir='ltr'><strong>dignitate.</strong></span> <span class='ocrx_word' id='word_1_151' title='bbox 705 1737 742 1803; x_wconf 92' lang='lat' dir='ltr'><strong>Ut</strong></span> <span class='ocrx_word' id='word_1_152' title='bbox 757 1738 849 1824; x_wconf 81' lang='lat' dir='ltr'><strong>igitur</strong></span> <span class='ocrx_word' id='word_1_153' title='bbox 863 1737 901 1802; x_wconf 89' lang='lat' dir='ltr'><strong>de</strong></span> <span class='ocrx_word' id='word_1_154' title='bbox 919 1737 985 1823; x_wconf 91' lang='lat' dir='ltr'><strong>ipso</strong></span> <span class='ocrx_word' id='word_1_155' title='bbox 1001 1758 1109 1825; x_wconf 79' lang='lat' dir='ltr'><strong>genere</strong></span> <span class='ocrx_word' id='word_1_156' title='bbox 1122 1750 1172 1800; x_wconf 89' lang='lat' dir='ltr'><strong>sun</strong></span> 
     </span>
     <span class='ocr_line' id='line_1_18' title="bbox 122 1828 1173 1920; baseline -0.006 -21"><span class='ocrx_word' id='word_1_157' title='bbox 122 1835 284 1912; x_wconf 80' lang='lat' dir='ltr'><strong>confessus,</strong></span> <span class='ocrx_word' id='word_1_158' title='bbox 308 1837 408 1920; x_wconf 87' lang='lat' dir='ltr'><strong>inquit</strong></span> <span class='ocrx_word' id='word_1_159' title='bbox 426 1837 582 1913; x_wconf 75' lang='lat' dir='ltr'><strong>Antonius,</strong></span> <span class='ocrx_word' id='word_1_160' title='bbox 599 1845 693 1901; x_wconf 90' lang='lat' dir='ltr'><strong>artem</strong></span> <span class='ocrx_word' id='word_1_161' title='bbox 711 1856 853 1902; x_wconf 91' lang='lat' dir='ltr'><strong>essenon</strong></span> <span class='ocrx_word' id='word_1_162' title='bbox 869 1836 1046 1914; x_wconf 84' lang='lat' dir='ltr'><strong>maximam,</strong></span> <span class='ocrx_word' id='word_1_163' title='bbox 1062 1828 1173 1901; x_wconf 84' lang='lat' dir='ltr'><strong>sicillul</strong></span> 
     </span>
    </p>

    <p class='ocr_par' dir='ltr' id='par_1_6' title="bbox 68 1932 1173 2118">
     <span class='ocr_line' id='line_1_19' title="bbox 68 1932 1173 2020; baseline -0.003 -24"><span class='ocrx_word' id='word_1_164' title='bbox 68 1932 75 1944; x_wconf 86' lang='lat'>&#39;</span> <span class='ocrx_word' id='word_1_165' title='bbox 122 1932 262 2010; x_wconf 83' lang='lat' dir='ltr'><strong>adfirmo,</strong></span> <span class='ocrx_word' id='word_1_166' title='bbox 275 1944 433 2019; x_wconf 89' lang='lat' dir='ltr'><strong>praecepta</strong></span> <span class='ocrx_word' id='word_1_167' title='bbox 449 1954 537 2018; x_wconf 86' lang='lat' dir='ltr'><strong>posse</strong></span> <span class='ocrx_word' id='word_1_168' title='bbox 552 1934 701 2019; x_wconf 88' lang='lat' dir='ltr'><strong>quaedam</strong></span> <span class='ocrx_word' id='word_1_169' title='bbox 718 1934 782 1999; x_wconf 92' lang='lat' dir='ltr'><strong>dari</strong></span> <span class='ocrx_word' id='word_1_170' title='bbox 799 1943 941 2019; x_wconf 91' lang='lat' dir='ltr'><strong>peracuta</strong></span> <span class='ocrx_word' id='word_1_171' title='bbox 957 1934 995 1999; x_wconf 85' lang='lat' dir='ltr'><strong>ad</strong></span> <span class='ocrx_word' id='word_1_172' title='bbox 1011 1943 1173 2020; x_wconf 88' lang='lat' dir='ltr'><strong>pertractan-</strong></span> 
     </span>
     <span class='ocr_line' id='line_1_20' title="bbox 122 2030 1172 2118; baseline -0.006 -24"><span class='ocrx_word' id='word_1_173' title='bbox 122 2030 176 2095; x_wconf 89' lang='lat' dir='ltr'><strong>dos</strong></span> <span class='ocrx_word' id='word_1_174' title='bbox 198 2032 316 2097; x_wconf 91' lang='lat' dir='ltr'><strong>animos</strong></span> <span class='ocrx_word' id='word_1_175' title='bbox 346 2032 508 2098; x_wconf 89' lang='lat' dir='ltr'><strong>homiuum</strong></span> <span class='ocrx_word' id='word_1_176' title='bbox 536 2044 566 2097; x_wconf 91' lang='lat' dir='ltr'><strong>et</strong></span> <span class='ocrx_word' id='word_1_177' title='bbox 594 2032 629 2096; x_wconf 77' lang='lat' dir='ltr'><strong>acl</strong></span> <span class='ocrx_word' id='word_1_178' title='bbox 661 2031 854 2118; x_wconf 86' lang='lat' dir='ltr'><strong>excipiendas</strong></span> <span class='ocrx_word' id='word_1_179' title='bbox 876 2051 984 2097; x_wconf 85' lang='lat' dir='ltr'><strong>eorum</strong></span> <span class='ocrx_word' id='word_1_180' title='bbox 1012 2035 1172 2098; x_wconf 89' lang='lat' dir='ltr'><strong>voluntates.</strong></span> 
     </span>
    </p>
   </div>
   <div class='ocr_carea' id='block_1_3' title="bbox 121 2128 1176 2607">
    <p class='ocr_par' dir='ltr' id='par_1_7' title="bbox 121 2128 1176 2607">
     <span class='ocr_line' id='line_1_21' title="bbox 122 2128 1173 2216; baseline -0.003 -24"><span class='ocrx_word' id='word_1_181' title='bbox 122 2128 216 2196; x_wconf 90' lang='lat' dir='ltr'><strong>Huius</strong></span> <span class='ocrx_word' id='word_1_182' title='bbox 231 2130 274 2196; x_wconf 91' lang='lat' dir='ltr'><strong>rei</strong></span> <span class='ocrx_word' id='word_1_183' title='bbox 291 2130 447 2195; x_wconf 87' lang='lat' dir='ltr'><strong>scientiam</strong></span> <span class='ocrx_word' id='word_1_184' title='bbox 463 2130 487 2194; x_wconf 91' lang='lat' dir='ltr'><strong>si</strong></span> <span class='ocrx_word' id='word_1_185' title='bbox 506 2131 574 2215; x_wconf 88' lang='lat' dir='ltr'><strong>quis</strong></span> <span class='ocrx_word' id='word_1_186' title='bbox 589 2131 670 2194; x_wconf 92' lang='lat' dir='ltr'><strong>volet</strong></span> <span class='ocrx_word' id='word_1_187' title='bbox 685 2149 827 2216; x_wconf 81' lang='lat' dir='ltr'><strong>magnam</strong></span> <span class='ocrx_word' id='word_1_188' title='bbox 843 2128 1000 2214; x_wconf 89' lang='lat' dir='ltr'><strong>quandam</strong></span> <span class='ocrx_word' id='word_1_189' title='bbox 1015 2140 1111 2196; x_wconf 90' lang='lat' dir='ltr'><strong>artem</strong></span> <span class='ocrx_word' id='word_1_190' title='bbox 1125 2143 1173 2192; x_wconf 83' lang='lat' dir='ltr'><strong>esse</strong></span> 
     </span>
     <span class='ocr_line' id='line_1_22' title="bbox 122 2225 1173 2314; baseline -0.008 -22"><span class='ocrx_word' id='word_1_191' title='bbox 122 2227 231 2304; x_wconf 79' lang='lat' dir='ltr'><strong>(licere,</strong></span> <span class='ocrx_word' id='word_1_192' title='bbox 255 2249 316 2293; x_wconf 91' lang='lat' dir='ltr'><strong>non</strong></span> <span class='ocrx_word' id='word_1_193' title='bbox 332 2228 516 2314; x_wconf 78' lang='lat' dir='ltr'><strong>repugnabo.</strong></span> <span class='ocrx_word' id='word_1_194' title='bbox 535 2229 663 2304; x_wconf 81' lang='lat' dir='ltr'><strong>Etenim,</strong></span> <span class='ocrx_word' id='word_1_195' title='bbox 679 2248 747 2293; x_wconf 93' lang='lat' dir='ltr'><strong>cum</strong></span> <span class='ocrx_word' id='word_1_196' title='bbox 762 2227 903 2313; x_wconf 78' lang='lat' dir='ltr'><strong>plerique</strong></span> <span class='ocrx_word' id='word_1_197' title='bbox 926 2237 1043 2293; x_wconf 88' lang='lat' dir='ltr'><strong>temere</strong></span> <span class='ocrx_word' id='word_1_198' title='bbox 1057 2248 1090 2293; x_wconf 91' lang='lat' dir='ltr'><strong>ac</strong></span> <span class='ocrx_word' id='word_1_199' title='bbox 1106 2225 1173 2291; x_wconf 91' lang='lat' dir='ltr'><strong>nulla</strong></span> 
     </span>
     <span class='ocr_line' id='line_1_23' title="bbox 122 2325 1176 2412; baseline -0.007 -21"><span class='ocrx_word' id='word_1_200' title='bbox 122 2329 240 2393; x_wconf 89' lang='lat' dir='ltr'><strong>ratione</strong></span> <span class='ocrx_word' id='word_1_201' title='bbox 261 2348 364 2394; x_wconf 89' lang='lat' dir='ltr'><strong>causas</strong></span> <span class='ocrx_word' id='word_1_202' title='bbox 386 2327 418 2391; x_wconf 92' lang='lat' dir='ltr'><strong>in</strong></span> <span class='ocrx_word' id='word_1_203' title='bbox 442 2327 506 2392; x_wconf 82' lang='lat' dir='ltr'><strong>loro</strong></span> <span class='ocrx_word' id='word_1_204' title='bbox 529 2327 639 2403; x_wconf 88' lang='lat' dir='ltr'><strong>dicant,</strong></span> <span class='ocrx_word' id='word_1_205' title='bbox 663 2325 806 2391; x_wconf 89' lang='lat' dir='ltr'><strong>nonnulli</strong></span> <span class='ocrx_word' id='word_1_206' title='bbox 830 2335 931 2391; x_wconf 92' lang='lat' dir='ltr'><strong>autem</strong></span> <span class='ocrx_word' id='word_1_207' title='bbox 959 2336 1086 2412; x_wconf 89' lang='lat' dir='ltr'><strong>propter</strong></span> <span class='ocrx_word' id='word_1_208' title='bbox 1110 2340 1176 2390; x_wconf 82' lang='lat' dir='ltr'><strong>exer·</strong></span> 
     </span>
     <span class='ocr_line' id='line_1_24' title="bbox 121 2416 1176 2510; baseline -0.009 -19"><span class='ocrx_word' id='word_1_209' title='bbox 121 2427 294 2491; x_wconf 74' lang='lat' dir='ltr'><strong>citationem</strong></span> <span class='ocrx_word' id='word_1_210' title='bbox 322 2436 374 2490; x_wconf 90' lang='lat' dir='ltr'><strong>aut</strong></span> <span class='ocrx_word' id='word_1_211' title='bbox 400 2434 527 2510; x_wconf 90' lang='lat' dir='ltr'><strong>propter</strong></span> <span class='ocrx_word' id='word_1_212' title='bbox 555 2424 807 2489; x_wconf 88' lang='lat' dir='ltr'><strong>consuetudinem</strong></span> <span class='ocrx_word' id='word_1_213' title='bbox 838 2423 974 2508; x_wconf 84' lang='lat' dir='ltr'><strong>aliquam</strong></span> <span class='ocrx_word' id='word_1_214' title='bbox 1004 2424 1137 2490; x_wconf 87' lang='lat' dir='ltr'><strong>callidius</strong></span> <span class='ocrx_word' id='word_1_215' title='bbox 1154 2416 1176 2482; x_wconf 88' lang='lat' dir='ltr'><strong>id</strong></span> 
     </span>
     <span class='ocr_line' id='line_1_25' title="bbox 122 2512 1175 2607; baseline -0.004 -21"><span class='ocrx_word' id='word_1_216' title='bbox 122 2524 240 2600; x_wconf 86' lang='lat' dir='ltr'><strong>iaciant,</strong></span> <span class='ocrx_word' id='word_1_217' title='bbox 265 2543 326 2587; x_wconf 89' lang='lat' dir='ltr'><strong>non</strong></span> <span class='ocrx_word' id='word_1_218' title='bbox 349 2532 394 2587; x_wconf 90' lang='lat' dir='ltr'><strong>est</strong></span> <span class='ocrx_word' id='word_1_219' title='bbox 416 2522 544 2587; x_wconf 80' lang='lat' dir='ltr'><strong>dubiumr</strong></span> <span class='ocrx_word' id='word_1_220' title='bbox 567 2522 651 2606; x_wconf 84' lang='lat' dir='ltr'><strong>quin,</strong></span> <span class='ocrx_word' id='word_1_221' title='bbox 682 2523 705 2585; x_wconf 89' lang='lat' dir='ltr'><strong>si</strong></span> <span class='ocrx_word' id='word_1_222' title='bbox 734 2522 802 2607; x_wconf 85' lang='lat' dir='ltr'><strong>quis</strong></span> <span class='ocrx_word' id='word_1_223' title='bbox 828 2521 1090 2599; x_wconf 89' lang='lat' dir='ltr'><strong>animadverterit,</strong></span> <span class='ocrx_word' id='word_1_224' title='bbox 1117 2512 1175 2605; x_wconf 81' lang='lat' dir='ltr'><strong>quid</strong></span> 
     </span>
    </p>
   </div>
   <div class='ocr_carea' id='block_1_4' title="bbox 126 2660 427 2667">
    <p class='ocr_par' dir='ltr' id='par_1_8' title="bbox 126 2660 427 2667">
     <span class='ocr_line' id='line_1_26' title="bbox 126 2660 427 2667; baseline -0.01 0"><span class='ocrx_word' id='word_1_225' title='bbox 126 2660 288 2667; x_wconf 77' lang='lat'><strong>——-</strong></span> <span class='ocrx_word' id='word_1_226' title='bbox 292 2660 427 2666; x_wconf 77' lang='lat'><strong>——..</strong></span> 
     </span>
    </p>
   </div>
   <div class='ocr_carea' id='block_1_5' title="bbox 92 2708 1178 3473">
    <p class='ocr_par' dir='ltr' id='par_1_9' title="bbox 92 2708 1178 3473">
     <span class='ocr_line' id='line_1_27' title="bbox 189 2708 1177 2764; baseline -0.007 -9"><span class='ocrx_word' id='word_1_227' title='bbox 189 2714 241 2756; x_wconf 80' lang='lat'><strong>30.</strong></span> <span class='ocrx_word' id='word_1_228' title='bbox 257 2712 341 2755; x_wconf 84' lang='lat' dir='ltr'><strong>actio</strong></span> <span class='ocrx_word' id='word_1_229' title='bbox 357 2711 399 2764; x_wconf 87' lang='lat' dir='ltr'><strong>qui</strong></span> <span class='ocrx_word' id='word_1_230' title='bbox 413 2711 481 2755; x_wconf 80' lang='lat' dir='ltr'><strong>vele:</strong></span> <span class='ocrx_word' id='word_1_231' title='bbox 500 2711 604 2755; x_wconf 77' lang='lat' dir='ltr'><strong>attivitb.</strong></span> <span class='ocrx_word' id='word_1_232' title='bbox 624 2734 650 2741; x_wconf 95' lang='lat'><em>-</em></span> <span class='ocrx_word' id='word_1_233' title='bbox 672 2725 743 2756; x_wconf 78' lang='lat' dir='ltr'><strong>curru</strong></span> <span class='ocrx_word' id='word_1_234' title='bbox 765 2712 930 2756; x_wconf 81' lang='lat' dir='ltr'><strong>alterutri</strong></span> <span class='ocrx_word' id='word_1_235' title='bbox 945 2732 973 2745; x_wconf 56' lang='grc' dir='ltr'><strong><em>υ</em></strong></span> <span class='ocrx_word' id='word_1_236' title='bbox 988 2711 1094 2756; x_wconf 85' lang='lat' dir='ltr'><strong>sebbene</strong></span> <span class='ocrx_word' id='word_1_237' title='bbox 1115 2708 1177 2754; x_wconf 81' lang='lat' dir='ltr'><strong>all&#39;uu</strong></span> 
     </span>
     <span class='ocr_line' id='line_1_28' title="bbox 92 2781 1177 2828; baseline -0.004 -2"><span class='ocrx_word' id='word_1_238' title='bbox 92 2789 97 2797; x_wconf 86' lang='lat'>&#39;</span> <span class='ocrx_word' id='word_1_239' title='bbox 121 2784 158 2828; x_wconf 88' lang='lat' dir='ltr'><strong>‹te&#39;</strong></span> <span class='ocrx_word' id='word_1_240' title='bbox 174 2783 228 2826; x_wconf 78' lang='lat' dir='ltr'><strong>(lue.</strong></span> <span class='ocrx_word' id='word_1_241' title='bbox 248 2806 274 2813; x_wconf 93' lang='lat'><em>-</em></span> <span class='ocrx_word' id='word_1_242' title='bbox 292 2783 399 2825; x_wconf 81' lang='lat' dir='ltr'><strong>eadent</strong></span> <span class='ocrx_word' id='word_1_243' title='bbox 422 2783 456 2825; x_wconf 81' lang='lat' dir='ltr'><strong>de</strong></span> <span class='ocrx_word' id='word_1_244' title='bbox 477 2794 510 2826; x_wconf 82' lang='lat' dir='ltr'><strong>re</strong></span> <span class='ocrx_word' id='word_1_245' title='bbox 531 2782 620 2826; x_wconf 79' lang='lat' dir='ltr'><strong>alias</strong></span> <span class='ocrx_word' id='word_1_246' title='bbox 643 2783 736 2827; x_wconf 80' lang='lat' dir='ltr'><strong>alirtd</strong></span> <span class='ocrx_word' id='word_1_247' title='bbox 755 2803 780 2815; x_wconf 80' lang='lat'><strong>==</strong></span> <span class='ocrx_word' id='word_1_248' title='bbox 799 2781 823 2825; x_wconf 90' lang='lat' dir='ltr'><strong>iu</strong></span> <span class='ocrx_word' id='word_1_249' title='bbox 842 2795 892 2826; x_wconf 85' lang='lat' dir='ltr'><strong>unu</strong></span> <span class='ocrx_word' id='word_1_250' title='bbox 911 2789 992 2827; x_wconf 74' lang='lat' dir='ltr'><strong>stesso</strong></span> <span class='ocrx_word' id='word_1_251' title='bbox 1010 2795 1125 2827; x_wconf 81' lang='lat' dir='ltr'><strong>esusaor</strong></span> <span class='ocrx_word' id='word_1_252' title='bbox 1140 2787 1177 2822; x_wconf 77' lang='lat' dir='ltr'><strong>unt</strong></span> 
     </span>
     <span class='ocr_line' id='line_1_29' title="bbox 122 2842 1178 2907; baseline 0.001 -10"><span class='ocrx_word' id='word_1_253' title='bbox 122 2857 192 2907; x_wconf 85' lang='lat' dir='ltr'><strong>purte</strong></span> <span class='ocrx_word' id='word_1_254' title='bbox 207 2866 235 2897; x_wconf 87' lang='lat' dir='ltr'><strong>or</strong></span> <span class='ocrx_word' id='word_1_255' title='bbox 256 2853 342 2896; x_wconf 81' lang='lat' dir='ltr'><strong>l&#39;ultra.</strong></span> <span class='ocrx_word' id='word_1_256' title='bbox 364 2876 389 2886; x_wconf 93' lang='lat'><strong>-·</strong></span> <span class='ocrx_word' id='word_1_257' title='bbox 409 2854 578 2897; x_wconf 72' lang='lat' dir='ltr'><strong>artencaeto</strong></span> <span class='ocrx_word' id='word_1_258' title='bbox 601 2854 677 2897; x_wconf 74' lang='lat' dir='ltr'><strong>nica</strong></span> <span class='ocrx_word' id='word_1_259' title='bbox 698 2854 744 2897; x_wconf 81' lang='lat' dir='ltr'><strong>ait</strong></span> <span class='ocrx_word' id='word_1_260' title='bbox 758 2874 785 2887; x_wconf 87' lang='lat'><em>=</em></span> <span class='ocrx_word' id='word_1_261' title='bbox 799 2853 819 2896; x_wconf 84' lang='lat' dir='ltr'><strong>si</strong></span> <span class='ocrx_word' id='word_1_262' title='bbox 841 2852 910 2897; x_wconf 79' lang='lat' dir='ltr'><strong>tondi</strong></span> <span class='ocrx_word' id='word_1_263' title='bbox 932 2853 997 2897; x_wconf 76' lang='lat' dir='ltr'><strong>sulla</strong></span> <span class='ocrx_word' id='word_1_264' title='bbox 1017 2842 1178 2906; x_wconf 59' lang='lat' dir='ltr'><strong>nagia-al</strong></span> 
     </span>
     <span class='ocr_line' id='line_1_30' title="bbox 122 2922 1176 2979; baseline -0.003 -11"><span class='ocrx_word' id='word_1_265' title='bbox 122 2925 295 2969; x_wconf 78' lang='lat' dir='ltr'><strong>scientiam</strong></span> <span class='ocrx_word' id='word_1_266' title='bbox 317 2937 377 2968; x_wconf 82' lang='lat' dir='ltr'><strong>tton</strong></span> <span class='ocrx_word' id='word_1_267' title='bbox 398 2936 493 2977; x_wconf 79' lang='lat' dir='ltr'><strong>saepe</strong></span> <span class='ocrx_word' id='word_1_268' title='bbox 509 2925 689 2979; x_wconf 76' lang='lat' dir='ltr'><strong>perveniat.</strong></span> <span class='ocrx_word' id='word_1_269' title='bbox 700 2924 870 2968; x_wconf 80' lang='lat' dir='ltr'><strong>Giustomente</strong></span> <span class='ocrx_word' id='word_1_270' title='bbox 881 2936 982 2968; x_wconf 81' lang='lat' dir='ltr'><strong>osserva</strong></span> <span class='ocrx_word' id='word_1_271' title='bbox 993 2938 1008 2969; x_wconf 80' lang='lat' dir='ltr'><strong>a</strong></span> <span class='ocrx_word' id='word_1_272' title='bbox 1018 2928 1106 2979; x_wconf 84' lang='lat' dir='ltr'><strong>questo</strong></span> <span class='ocrx_word' id='word_1_273' title='bbox 1114 2922 1176 2977; x_wconf 72' lang='lat' dir='ltr'><strong>punto</strong></span> 
     </span>
     <span class='ocr_line' id='line_1_31' title="bbox 122 2986 1176 3048; baseline -0.003 -10"><span class='ocrx_word' id='word_1_274' title='bbox 122 2995 288 3040; x_wconf 81' lang='lat' dir='ltr'><strong>l’Hurneeker</strong></span> <span class='ocrx_word' id='word_1_275' title='bbox 302 2995 346 3039; x_wconf 88' lang='lat' dir='ltr'><strong>che</strong></span> <span class='ocrx_word' id='word_1_276' title='bbox 361 2995 404 3048; x_wconf 85' lang='lat' dir='ltr'><strong>qui</strong></span> <span class='ocrx_word' id='word_1_277' title='bbox 419 2995 436 3039; x_wconf 96' lang='lat' dir='ltr'><strong>il</strong></span> <span class='ocrx_word' id='word_1_278' title='bbox 450 2999 514 3039; x_wconf 84' lang='lat' dir='ltr'><strong>testo</strong></span> <span class='ocrx_word' id='word_1_279' title='bbox 528 3010 576 3039; x_wconf 91' lang='lat' dir='ltr'><strong>uou</strong></span> <span class='ocrx_word' id='word_1_280' title='bbox 599 2995 699 3039; x_wconf 80' lang='lat' dir='ltr'><strong>sorlisl&#39;u.</strong></span> <span class='ocrx_word' id='word_1_281' title='bbox 714 2994 806 3048; x_wconf 84' lang='lat' dir='ltr'><strong>Infatti,</strong></span> <span class='ocrx_word' id='word_1_282' title='bbox 825 3008 851 3038; x_wconf 89' lang='lat' dir='ltr'><strong>sc</strong></span> <span class='ocrx_word' id='word_1_283' title='bbox 871 2994 1033 3048; x_wconf 81' lang='lat' dir='ltr'><strong>l&#39;eloquenztt,</strong></span> <span class='ocrx_word' id='word_1_284' title='bbox 1052 3007 1119 3040; x_wconf 81' lang='lat' dir='ltr'><strong>come</strong></span> <span class='ocrx_word' id='word_1_285' title='bbox 1135 2989 1151 3035; x_wconf 92' lang='lat' dir='ltr'><strong>si</strong></span> <span class='ocrx_word' id='word_1_286' title='bbox 1165 2986 1176 3029; x_wconf 70' lang='grc' dir='ltr'>ὁ</span> 
     </span>
     <span class='ocr_line' id='line_1_32' title="bbox 121 3065 1177 3120; baseline 0 -12"><span class='ocrx_word' id='word_1_287' title='bbox 121 3066 188 3112; x_wconf 74' lang='lat' dir='ltr'><strong>«letto</strong></span> <span class='ocrx_word' id='word_1_288' title='bbox 203 3080 265 3120; x_wconf 89' lang='lat' dir='ltr'><strong>poco</strong></span> <span class='ocrx_word' id='word_1_289' title='bbox 281 3065 385 3120; x_wconf 80' lang='lat' dir='ltr'><strong>innanzi,</strong></span> <span class='ocrx_word' id='word_1_290' title='bbox 399 3078 447 3110; x_wconf 90' lang='lat' dir='ltr'><strong>non</strong></span> <span class='ocrx_word' id='word_1_291' title='bbox 463 3065 475 3110; x_wconf 78' lang='lat' dir='ltr'><strong>b</strong></span> <span class='ocrx_word' id='word_1_292' title='bbox 490 3067 589 3111; x_wconf 85' lang='lat' dir='ltr'><strong>scicnzu</strong></span> <span class='ocrx_word' id='word_1_293' title='bbox 603 3066 763 3113; x_wconf 79' lang='lat' dir='ltr'><strong>(oratoris...</strong></span> <span class='ocrx_word' id='word_1_294' title='bbox 776 3066 861 3108; x_wconf 73' lang='lat' dir='ltr'><strong>ononis</strong></span> <span class='ocrx_word' id='word_1_295' title='bbox 876 3066 943 3110; x_wconf 85' lang='lat' dir='ltr'><strong>aetio</strong></span> <span class='ocrx_word' id='word_1_296' title='bbox 958 3066 1128 3120; x_wconf 76' lang='lat' dir='ltr'><strong>opinionibus,</strong></span> <span class='ocrx_word' id='word_1_297' title='bbox 1136 3066 1177 3104; x_wconf 80' lang='lat' dir='ltr'><strong>nott</strong></span> 
     </span>
     <span class='ocr_line' id='line_1_33' title="bbox 121 3133 1177 3191; baseline -0.008 -9"><span class='ocrx_word' id='word_1_298' title='bbox 121 3139 237 3191; x_wconf 82' lang='lat' dir='ltr'><strong>scientia,</strong></span> <span class='ocrx_word' id='word_1_299' title='bbox 251 3138 414 3190; x_wconf 78' lang='lat' dir='ltr'><strong>corttt&#39;nctur),</strong></span> <span class='ocrx_word' id='word_1_300' title='bbox 430 3150 497 3181; x_wconf 89' lang='lat' dir='ltr'><strong>come</strong></span> <span class='ocrx_word' id='word_1_301' title='bbox 512 3136 555 3191; x_wconf 88' lang='lat' dir='ltr'><strong>poi</strong></span> <span class='ocrx_word' id='word_1_302' title='bbox 570 3135 591 3181; x_wconf 88' lang='lat' dir='ltr'><strong>si</strong></span> <span class='ocrx_word' id='word_1_303' title='bbox 605 3134 655 3187; x_wconf 82' lang='lat' dir='ltr'><strong>pub</strong></span> <span class='ocrx_word' id='word_1_304' title='bbox 670 3133 722 3179; x_wconf 72' lang='lat' dir='ltr'><strong>(lire</strong></span> <span class='ocrx_word' id='word_1_305' title='bbox 738 3134 762 3178; x_wconf 87' lang='lat' dir='ltr'><strong>‹li</strong></span> <span class='ocrx_word' id='word_1_306' title='bbox 777 3149 832 3178; x_wconf 79' lang='lat' dir='ltr'><strong>essu</strong></span> <span class='ocrx_word' id='word_1_307' title='bbox 848 3135 879 3179; x_wconf 85' lang='lat' dir='ltr'><strong>ad</strong></span> <span class='ocrx_word' id='word_1_308' title='bbox 894 3137 1033 3180; x_wconf 82' lang='lat' dir='ltr'><strong>scientiam</strong></span> <span class='ocrx_word' id='word_1_309' title='bbox 1049 3148 1101 3180; x_wconf 81' lang='lat' dir='ltr'><strong>raon</strong></span> <span class='ocrx_word' id='word_1_310' title='bbox 1114 3135 1177 3183; x_wconf 64' lang='lat' dir='ltr'><strong>saepo</strong></span> 
     </span>
     <span class='ocr_line' id='line_1_34' title="bbox 117 3201 1176 3263; baseline -0.01 -10"><span class='ocrx_word' id='word_1_311' title='bbox 117 3208 304 3263; x_wconf 66' lang='lat' dir='ltr'><strong>pertentarit)</strong></span> <span class='ocrx_word' id='word_1_312' title='bbox 315 3207 335 3252; x_wconf 84' lang='lat' dir='ltr'><strong>si</strong></span> <span class='ocrx_word' id='word_1_313' title='bbox 346 3208 407 3252; x_wconf 81' lang='lat' dir='ltr'><strong>deve</strong></span> <span class='ocrx_word' id='word_1_314' title='bbox 416 3207 467 3251; x_wconf 86' lang='lat' dir='ltr'><strong>dire</strong></span> <span class='ocrx_word' id='word_1_315' title='bbox 478 3207 522 3252; x_wconf 90' lang='lat' dir='ltr'><strong>che</strong></span> <span class='ocrx_word' id='word_1_316' title='bbox 532 3206 643 3251; x_wconf 77' lang='lat' dir='ltr'><strong>coloratio</strong></span> <span class='ocrx_word' id='word_1_317' title='bbox 653 3205 684 3248; x_wconf 87' lang='lat' dir='ltr'><strong>ha</strong></span> <span class='ocrx_word' id='word_1_318' title='bbox 695 3205 737 3258; x_wconf 85' lang='lat' dir='ltr'><strong>qui</strong></span> <span class='ocrx_word' id='word_1_319' title='bbox 748 3204 885 3256; x_wconf 80' lang='lat' dir='ltr'><strong>significato</strong></span> <span class='ocrx_word' id='word_1_320' title='bbox 896 3211 1033 3259; x_wconf 78' lang='lat' dir='ltr'><strong>pregnante</strong></span> <span class='ocrx_word' id='word_1_321' title='bbox 1042 3220 1055 3251; x_wconf 94' lang='lat' dir='ltr'><strong>o</strong></span> <span class='ocrx_word' id='word_1_322' title='bbox 1065 3206 1088 3250; x_wconf 84' lang='lat' dir='ltr'><strong>lu</strong></span> <span class='ocrx_word' id='word_1_323' title='bbox 1099 3201 1176 3249; x_wconf 79' lang='lat' dir='ltr'><strong>leaiout</strong></span> 
     </span>
     <span class='ocr_line' id='line_1_35' title="bbox 120 3263 1176 3333; baseline -0.009 -10"><span class='ocrx_word' id='word_1_324' title='bbox 120 3280 245 3333; x_wconf 70' lang='lat' dir='ltr'><strong>egumia.</strong></span> <span class='ocrx_word' id='word_1_325' title='bbox 266 3279 352 3324; x_wconf 78' lang='lat' dir='ltr'><strong>l‘eroib</strong></span> <span class='ocrx_word' id='word_1_326' title='bbox 367 3279 384 3323; x_wconf 94' lang='lat' dir='ltr'><strong>il</strong></span> <span class='ocrx_word' id='word_1_327' title='bbox 401 3279 453 3323; x_wconf 83' lang='lat' dir='ltr'><strong>Bak</strong></span> <span class='ocrx_word' id='word_1_328' title='bbox 468 3292 546 3322; x_wconf 80' lang='lat' dir='ltr'><strong>nuova</strong></span> <span class='ocrx_word' id='word_1_329' title='bbox 565 3274 690 3322; x_wconf 79' lang='lat' dir='ltr'><strong>costituito</strong></span> <span class='ocrx_word' id='word_1_330' title='bbox 705 3279 842 3329; x_wconf 77' lang='lat' dir='ltr'><strong>pervertat</strong></span> <span class='ocrx_word' id='word_1_331' title='bbox 860 3276 1044 3330; x_wconf 84' lang='lat' dir='ltr'><strong>(sopprimendo</strong></span> <span class='ocrx_word' id='word_1_332' title='bbox 1059 3277 1095 3321; x_wconf 80' lang='lat' dir='ltr'><strong>ad</strong></span> <span class='ocrx_word' id='word_1_333' title='bbox 1114 3263 1176 3318; x_wconf 74' lang='lat' dir='ltr'><strong>chel</strong></span> 
     </span>
     <span class='ocr_line' id='line_1_36' title="bbox 120 3345 1177 3404; baseline -0.006 -9"><span class='ocrx_word' id='word_1_334' title='bbox 120 3364 216 3396; x_wconf 79' lang='lat' dir='ltr'><strong>omesso</strong></span> <span class='ocrx_word' id='word_1_335' title='bbox 231 3350 263 3394; x_wconf 83' lang='lat' dir='ltr'><strong>du</strong></span> <span class='ocrx_word' id='word_1_336' title='bbox 277 3364 308 3394; x_wconf 88' lang='lat' dir='ltr'><strong>un</strong></span> <span class='ocrx_word' id='word_1_337' title='bbox 325 3349 362 3393; x_wconf 86' lang='lat' dir='ltr'><strong>de&#39;</strong></span> <span class='ocrx_word' id='word_1_338' title='bbox 377 3349 456 3394; x_wconf 82' lang='lat' dir='ltr'><strong>corlici</strong></span> <span class='ocrx_word' id='word_1_339' title='bbox 477 3349 520 3404; x_wconf 81' lang='lat' dir='ltr'><strong>pilu</strong></span> <span class='ocrx_word' id='word_1_340' title='bbox 542 3345 634 3393; x_wconf 80' lang='lat' dir='ltr'><strong>antichi</strong></span> <span class='ocrx_word' id='word_1_341' title='bbox 651 3345 681 3389; x_wconf 84' lang='lat' dir='ltr'><strong>cd</strong></span> <span class='ocrx_word' id='word_1_342' title='bbox 696 3346 841 3399; x_wconf 85' lang='lat' dir='ltr'><strong>nutorevoli,</strong></span> <span class='ocrx_word' id='word_1_343' title='bbox 860 3346 1052 3401; x_wconf 79' lang='lat' dir='ltr'><strong>l&#39;Abrincensis),</strong></span> <span class='ocrx_word' id='word_1_344' title='bbox 1066 3345 1120 3391; x_wconf 81' lang='lat' dir='ltr'><strong>altri</strong></span> <span class='ocrx_word' id='word_1_345' title='bbox 1129 3348 1177 3397; x_wconf 70' lang='lat' dir='ltr'><strong>atet·</strong></span> 
     </span>
     <span class='ocr_line' id='line_1_37' title="bbox 120 3419 625 3473; baseline -0.012 -8"><span class='ocrx_word' id='word_1_346' title='bbox 120 3423 209 3465; x_wconf 79' lang='lat' dir='ltr'><strong>timeat.</strong></span> <span class='ocrx_word' id='word_1_347' title='bbox 225 3421 264 3464; x_wconf 82' lang='lat' dir='ltr'><strong>lla</strong></span> <span class='ocrx_word' id='word_1_348' title='bbox 278 3434 384 3465; x_wconf 84' lang='lat' dir='ltr'><strong>nessunu</strong></span> <span class='ocrx_word' id='word_1_349' title='bbox 400 3419 493 3464; x_wconf 82' lang='lat' dir='ltr'><strong>sodisfu</strong></span> <span class='ocrx_word' id='word_1_350' title='bbox 507 3420 625 3473; x_wconf 75' lang='lat' dir='ltr'><strong>eppleno.</strong></span> 
     </span>
    </p>
   </div>
   <div class='ocr_carea' id='block_1_6' title="bbox 108 3503 1177 3929">
    <p class='ocr_par' dir='ltr' id='par_1_10' title="bbox 108 3503 1177 3929">
     <span class='ocr_line' id='line_1_38' title="bbox 163 3503 1169 3562; baseline -0.007 -10"><span class='ocrx_word' id='word_1_351' title='bbox 163 3510 236 3562; x_wconf 75' lang='lat' dir='ltr'><strong>cap.</strong></span> <span class='ocrx_word' id='word_1_352' title='bbox 255 3503 701 3562; x_wconf 72' lang='lat' dir='ltr'><strong>t&#39;111.-31.putamuc,ctoe</strong></span> <span class='ocrx_word' id='word_1_353' title='bbox 719 3518 828 3549; x_wconf 81' lang='lat' dir='ltr'><strong>causam</strong></span> <span class='ocrx_word' id='word_1_354' title='bbox 852 3519 913 3558; x_wconf 79' lang='lat' dir='ltr'><strong>esse,</strong></span> <span class='ocrx_word' id='word_1_355' title='bbox 934 3519 981 3550; x_wconf 84' lang='lat' dir='ltr'><strong>cur</strong></span> <span class='ocrx_word' id='word_1_356' title='bbox 1002 3505 1169 3550; x_wconf 78' lang='lat' dir='ltr'><strong>audiamus·-</strong></span> 
     </span>
     <span class='ocr_line' id='line_1_39' title="bbox 121 3560 1177 3633; baseline -0.013 -9"><span class='ocrx_word' id='word_1_357' title='bbox 121 3584 153 3624; x_wconf 88' lang='lat' dir='ltr'><strong>ut</strong></span> <span class='ocrx_word' id='word_1_358' title='bbox 176 3584 209 3623; x_wconf 84' lang='lat' dir='ltr'><strong>tu</strong></span> <span class='ocrx_word' id='word_1_359' title='bbox 229 3583 345 3633; x_wconf 68' lang='lat' dir='ltr'><strong>pactos,</strong></span> <span class='ocrx_word' id='word_1_360' title='bbox 360 3578 451 3632; x_wconf 72' lang='lat' dir='ltr'><strong>port-hc</strong></span> <span class='ocrx_word' id='word_1_361' title='bbox 466 3592 544 3623; x_wconf 81' lang='lat' dir='ltr'><strong>evevu</strong></span> <span class='ocrx_word' id='word_1_362' title='bbox 559 3578 627 3622; x_wconf 74' lang='lat' dir='ltr'><strong>(letto</strong></span> <span class='ocrx_word' id='word_1_363' title='bbox 643 3575 687 3618; x_wconf 88' lang='lat' dir='ltr'><strong>cbo</strong></span> <span class='ocrx_word' id='word_1_364' title='bbox 703 3575 856 3628; x_wconf 82' lang='lat' dir='ltr'><strong>l’eloquenzu</strong></span> <span class='ocrx_word' id='word_1_365' title='bbox 877 3589 924 3620; x_wconf 88' lang='lat' dir='ltr'><strong>non</strong></span> <span class='ocrx_word' id='word_1_366' title='bbox 947 3576 979 3620; x_wconf 81' lang='lat' dir='ltr'><strong>ha</strong></span> <span class='ocrx_word' id='word_1_367' title='bbox 1000 3580 1088 3629; x_wconf 66' lang='lat' dir='ltr'><strong>ortuo</strong></span> <span class='ocrx_word' id='word_1_368' title='bbox 1108 3560 1177 3627; x_wconf 81' lang='lat' dir='ltr'><strong>partib</strong></span> 
     </span>
     <span class='ocr_line' id='line_1_40' title="bbox 122 3640 1016 3698; baseline -0.004 -8"><span class='ocrx_word' id='word_1_369' title='bbox 122 3649 184 3690; x_wconf 70' lang='lat' dir='ltr'><strong>s‘oru</strong></span> <span class='ocrx_word' id='word_1_370' title='bbox 199 3646 268 3689; x_wconf 82' lang='lat' dir='ltr'><strong>volso</strong></span> <span class='ocrx_word' id='word_1_371' title='bbox 284 3645 339 3688; x_wconf 80' lang='lat' dir='ltr'><strong>rl’un</strong></span> <span class='ocrx_word' id='word_1_372' title='bbox 355 3644 453 3689; x_wconf 78' lang='lat' dir='ltr'><strong>esordio</strong></span> <span class='ocrx_word' id='word_1_373' title='bbox 475 3644 592 3698; x_wconf 80' lang='lat' dir='ltr'><strong>complice</strong></span> <span class='ocrx_word' id='word_1_374' title='bbox 615 3654 683 3684; x_wconf 60' lang='lat' dir='ltr'><strong>&lt;torric</strong></span> <span class='ocrx_word' id='word_1_375' title='bbox 706 3642 730 3685; x_wconf 86' lang='lat' dir='ltr'><strong>la</strong></span> <span class='ocrx_word' id='word_1_376' title='bbox 751 3640 831 3685; x_wconf 75' lang='lat' dir='ltr'><strong>ueritis</strong></span> <span class='ocrx_word' id='word_1_377' title='bbox 845 3645 871 3691; x_wconf 85' lang='lat' dir='ltr'><strong>(a</strong></span> <span class='ocrx_word' id='word_1_378' title='bbox 892 3643 1016 3693; x_wconf 85' lang='lat' dir='ltr'><strong>veritate).</strong></span> 
     </span>
     <span class='ocr_line' id='line_1_41' title="bbox 187 3727 1177 3787; baseline -0.006 -11"><span class='ocrx_word' id='word_1_379' title='bbox 187 3734 239 3777; x_wconf 70' lang='lat'><strong>3¹2.</strong></span> <span class='ocrx_word' id='word_1_380' title='bbox 256 3734 290 3777; x_wconf 81' lang='lat' dir='ltr'><strong>de</strong></span> <span class='ocrx_word' id='word_1_381' title='bbox 311 3734 380 3786; x_wconf 80' lang='lat' dir='ltr'><strong>ipso</strong></span> <span class='ocrx_word' id='word_1_382' title='bbox 401 3745 550 3787; x_wconf 58' lang='lat' dir='ltr'><strong>parcerem</strong></span> <span class='ocrx_word' id='word_1_383' title='bbox 565 3727 722 3775; x_wconf 74' lang='lat' dir='ltr'><strong>ctorrsirlcrutu</strong></span> <span class='ocrx_word' id='word_1_384' title='bbox 737 3730 760 3772; x_wconf 86' lang='lat' dir='ltr'><strong>la</strong></span> <span class='ocrx_word' id='word_1_385' title='bbox 783 3730 920 3782; x_wconf 77' lang='lat' dir='ltr'><strong>eloquenza</strong></span> <span class='ocrx_word' id='word_1_386' title='bbox 934 3730 1177 3775; x_wconf 53' lang='lat' dir='ltr'><strong>netl’esssnzosuaae</strong></span> 
     </span>
     <span class='ocr_line' id='line_1_42' title="bbox 120 3799 1177 3858; baseline -0.007 -11"><span class='ocrx_word' id='word_1_387' title='bbox 120 3804 344 3858; x_wconf 67' lang='lat' dir='ltr'><strong>excipiendus,¹</strong></span> <span class='ocrx_word' id='word_1_388' title='bbox 356 3802 427 3847; x_wconf 82' lang='lat' dir='ltr'><strong>altri:</strong></span> <span class='ocrx_word' id='word_1_389' title='bbox 442 3803 603 3853; x_wconf 73' lang='lat' dir='ltr'><strong>excitandus,</strong></span> <span class='ocrx_word' id='word_1_390' title='bbox 619 3801 774 3853; x_wconf 73' lang='lat' dir='ltr'><strong>captandas.</strong></span> <span class='ocrx_word' id='word_1_391' title='bbox 784 3823 809 3828; x_wconf 93' lang='lat'><em>-</em></span> <span class='ocrx_word' id='word_1_392' title='bbox 819 3801 912 3845; x_wconf 76' lang='lat' dir='ltr'><strong>trulla</strong></span> <span class='ocrx_word' id='word_1_393' title='bbox 930 3801 1062 3846; x_wconf 81' lang='lat' dir='ltr'><strong>ratione</strong></span> <span class='ocrx_word' id='word_1_394' title='bbox 1077 3819 1102 3832; x_wconf 98' lang='lat'>-</span> <span class='ocrx_word' id='word_1_395' title='bbox 1117 3799 1177 3840; x_wconf 55' lang='lat' dir='ltr'><strong>senff</strong></span> 
     </span>
     <span class='ocr_line' id='line_1_43' title="bbox 108 3870 679 3929; baseline 0 -12"><span class='ocrx_word' id='word_1_396' title='bbox 108 3874 184 3918; x_wconf 80' lang='lat' dir='ltr'><strong>alcun</strong></span> <span class='ocrx_word' id='word_1_397' title='bbox 199 3873 307 3929; x_wconf 81' lang='lat' dir='ltr'><strong>moterlo,</strong></span> <span class='ocrx_word' id='word_1_398' title='bbox 323 3877 444 3920; x_wconf 83' lang='lat' dir='ltr'><strong>scrrz&#39;urtc</strong></span> <span class='ocrx_word' id='word_1_399' title='bbox 460 3873 484 3918; x_wconf 85' lang='lat' dir='ltr'><strong>ui</strong></span> <span class='ocrx_word' id='word_1_400' title='bbox 500 3878 567 3919; x_wconf 89' lang='lat' dir='ltr'><strong>sortu</strong></span> <span class='ocrx_word' id='word_1_401' title='bbox 583 3870 679 3917; x_wconf 78' lang='lat' dir='ltr'><strong>oletum.</strong></span> 
     </span>
    </p>
   </div>
   <div class='ocr_carea' id='block_1_7' title="bbox 0 0 1268 4246">
    <p class='ocr_par' dir='ltr' id='par_1_11' title="bbox 0 0 1268 4246">
     <span class='ocr_line' id='line_1_44' title="bbox 0 0 1268 4246; baseline 0 0"><span class='ocrx_word' id='word_1_402' title='bbox 0 0 1268 4246; x_wconf 95' lang='lat' dir='ltr'><strong> </strong></span> 
     </span>
    </p>
   </div>
  </div>
 </body>
</html>
