2526 4246
105 114 109 119 ’
212 137 467 241 qkppspouxrouu
484 139 546 179 mss.
565 141 587 189 1,
606 109 682 180 oxos
693 107 817 189 xxxx-rx,
840 140 928 191 §eo-36
1099 125 1132 178 20

175 216 207 255 tr

64 263 97 309 re
118 185 225 357 &2
249 242 309 309 lloe
330 244 414 309 euim
434 264 495 311 uno
516 226 705 331 praestamus
727 247 775 310 vel
799 246 932 310 maxime
953 244 1034 351 lerp's,
1046 243 1133 335 ppod

61 345 266 430 oolloquimur
287 346 370 411 inter
389 365 444 411 nos
465 355 496 412 et
516 346 596 429 qued
618 347 791 432 exprimere
812 346 939 412 diceudo
961 336 1049 431 sellia
1066 365 1132 431 pos-

63 466 177 513 sumus.
223 446 459 530 Quamobrem
480 449 548 532 quis
565 449 621 513 boo
641 468 702 513 non
719 448 786 514 iure
801 449 931 515 miretur
952 434 1131 533 summeque
1158 451 1192 506 33

64 567 94 613 ru
116 567 154 615 eo
175 547 396 615 elaborandum
418 569 483 613 esse
504 550 678 626 arbitretur,
697 558 740 627 ut,
759 569 819 634 quo
836 569 898 615 urro
917 549 1056 615 homines
1070 568 1131 613 ma·

64 650 145 717 xime
167 649 272 715 bestiis
283 659 451 735 praestent,
467 650 499 715 iu
518 650 574 727 hoc
596 650 772 717 bominibus
794 651 868 737 ipsis
890 651 1070 716 antecellat?
1094 648 1131 716 Ut

63 771 135 817 vero
157 751 222 817 iam
243 749 282 817 ad
305 751 359 817 illa
379 771 498 817 summa
519 753 688 830 veniamus,
710 772 788 837 quae
810 753 856 817 vis
878 752 937 817 alia
959 753 1057 837 potuit
1075 761 1131 818 aut

61 852 216 938 dispersos
238 852 378 919 homines
399 873 496 919 unum
512 853 545 918 iu
563 857 661 919 locum
676 873 857 941 congregare
872 864 923 919 aut
938 875 955 918 a
970 852 1034 919 lera
1048 873 1131 940 agre·

61 955 161 1040 slique
178 953 242 1020 vita
256 954 289 1019 in
306 954 389 1020 buno
403 955 572 1043 humanum
587 957 703 1021 cultum
718 956 900 1041 civilemque
914 955 1063 1022 deducere
1078 966 1129 1020 aut

62 1055 122 1120 iam
142 1054 315 1121 eonstitutis
335 1054 507 1137 civitatibus
528 1057 618 1141 leget,
642 1055 760 1127 iudio'a.
779 1056 852 1157 iupa
866 1046 1047 1122 discribere?
1091 1056 1131 1121 llo
1156 1058 1190 1112 34

61 1175 100 1222 ue
119 1157 224 1242 plura,
247 1176 325 1241 quae
346 1165 417 1223 sunt
437 1177 535 1242 paene
556 1078 803 1254 innumerabilia,
819 1122 1212 1259 tbbbddter,'oompb'e{fssdd³
1222 1119 1234 1269 l

61 1257 197 1323 herdam
218 1257 322 1338 brevi:
345 1258 388 1325 sio
408 1259 491 1324 euim
512 1269 619 1336 statuo,
641 1258 765 1344 perleoti
780 1261 907 1325 oratoris
922 1259 1181 1357 moderatioueps·
1202 1262 1221 1275 ''

59 1370 90 1426 el
110 1358 263 1446 sapientia
285 1378 348 1425 non
369 1361 467 1425 solum
489 1360 584 1446 ipsius
606 1360 793 1447 dignitatem,
816 1360 868 1426 sed
890 1372 921 1427 et
937 1352 1127 1446 privatorum

60 1462 269 1547 plurimorum
289 1470 320 1527 et
340 1461 502 1528 universae
523 1461 567 1529 rei
589 1462 729 1548 publicae
745 1465 875 1528 salutem
889 1463 1023 1529 maxime
1036 1464 1128 1530 eonti-

60 1564 136 1630 ueri.
160 1563 261 1647 Quam
281 1563 321 1629 ob
343 1583 409 1629 rem
426 1564 552 1650 pergite,
574 1562 734 1669 diffiditis,
750 1564 965 1642 adulescentes,
989 1575 1079 1650 atque
1094 1567 1127 1631 iu

60 1666 91 1731 id
116 1665 264 1741 studium,
291 1664 325 1729 in
353 1685 412 1750 quo
437 1666 519 1742 estis,
546 1636 778 1779 incumbibepppl
800 1677 829 1732 el
852 1666 937 1732 vobis
967 1668 1074 1737 honori
1098 1678 1128 1734 et

61 1768 164 1833 amicis
185 1765 311 1832 utilitati
333 1776 363 1832 et
385 1768 427 1832 rei
449 1766 591 1869 publipae
610 1755 816 1847 exublr'imduto
838 1789 904 1834 esse
925 1770 1028 1855 possit.

102 1869 167 1937 IX.
190 1868 269 1935 Tum
291 1868 433 1935 Scaevola
454 1846 645 1953 cordite'rss'ub
667 1871 790 1948 solebat,
814 1871 928 1949 Cetera,
953 1873 1061 1958 iuquit,
1079 1873 1129 1938 ad·
1154 1871 1188 1925 35

60 1972 177 2061 sentior
198 1969 313 2061 Crasso,
336 1990 376 2037 ne
397 1982 449 2037 aut
470 1970 509 2037 de
531 1970 561 2036 C.
583 1971 676 2038 Laelii
703 1973 797 2039 soceri
820 1973 881 2039 mei
903 1983 955 2039 aut
976 1974 1015 2039 de
1038 1975 1128 2040 huius

60 2050 245 2161 gederi‘but
273 2082 339 2139 arte
366 2083 419 2139 aut
446 2073 541 2160 gloria
570 2074 746 2152 detraham;
770 2075 822 2140 sed
845 2076 896 2140 illa
920 2076 989 2154 duo,
1013 2075 1127 2154 Crasse,

62 2195 169 2241 vereor
191 2182 226 2239 ut
247 2173 302 2238 tibi
324 2175 437 2260 possim
459 2175 638 2243 eoncedere:
661 2197 768 2266 uuum,
792 2177 872 2262 quod
894 2179 933 2243 ab
959 2179 1129 2244 oratoribus
1217 2221 1222 2228 -

61 2276 197 2342 civitates
218 2285 250 2341 et
270 2275 358 2342 initio
379 2278 554 2343 constitutas
575 2288 606 2345 et
627 2299 717 2365 saepe
731 2290 921 2363 conservatas
936 2300 1001 2345 esse
1015 2281 1128 2359 dixisti,

62 2379 202 2455 alterum,
221 2377 312 2462 quod,
336 2389 450 2444 remoto
472 2380 546 2457 loro,
562 2381 711 2457 contione,
727 2380 854 2456 iudiciis,
868 2390 984 2458 senatu,
1000 2382 1128 2448 statuisti

63 2491 214 2546 oratorem
237 2479 269 2543 in
290 2480 374 2545 omni
395 2500 508 2567 genere
528 2482 677 2547 sermonis
699 2492 729 2546 et
744 2482 942 2548 humanitatis
956 2503 1021 2548 esse
1033 2484 1130 2569 perl-

64 2593 153 2648 etum.
179 2564 272 2665 siluis
294 2581 378 2648 enim
400 2582 454 2648 tibi
478 2583 535 2648 boo
560 2584 747 2662 concesserit,
775 2594 826 2650 aut
852 2584 939 2651 initio
961 2606 1056 2671 genus
1079 2586 1130 2652 bo·
1155 2593 1190 2648 36

65 2684 184 2750 minum
205 2683 239 2746 iu
261 2683 415 2749 montibus
433 2704 467 2750 ae
483 2684 568 2749 silvis
583 2685 761 2771 dissipatum
776 2705 837 2751 non
853 2686 1051 2772 prudentium
1063 2709 1130 2754 oon·
1222 2740 1225 2745 .

65 2785 138 2849 siliis
159 2785 352 2870 compulsum
373 2786 482 2870 potius,
506 2806 598 2872 quam
611 2786 794 2852 disertorum
812 2788 948 2854 oratione
962 2789 1130 2856 delenitum

64 2906 95 2952 se
115 2885 237 2972 oppidis
259 2886 478 2972 moenibusque
499 2888 663 2973 saepsisse?
679 2899 731 2955 aut
747 2909 820 2954 vero
839 2890 971 2976 reliquas
986 2893 1130 2958 utilitates

129 3068 183 3111 33.
197 3069 274 3112 ut...
292 3066 332 3112 ad
352 3066 415 3110 illa
435 3079 559 3111 summa
579 3068 746 3111 veniamus
761 3087 787 3103 =
801 3082 846 3121 per
860 3069 991 3122 ragionere
1006 3070 1073 3117 della
1086 3084 1131 3125 po·

63 3135 135 3177 teuzo
154 3131 199 3187 piu
217 3132 312 3185 grande
330 3132 405 3184 (delle
426 3132 530 3186 parole).
552 3155 578 3163 -
602 3132 724 3177 celtum
747 3133 790 3186 qui
809 3134 878 3180 vole:
901 3135 1085 3181 ineivillmeuto.
1104 3159 1131 3169 -

64 3199 246 3244 disors‘bero
260 3196 274 3243 ὸ
288 3197 416 3243 l'edettare
435 3198 458 3242 le
473 3197 547 3251 leggi,
561 3199 584 3242 le
599 3197 676 3243 forme
691 3198 731 3243 dei
745 3199 844 3255 giudizi,
857 3200 866 3245 i
880 3201 977 3246 termini
992 3201 1032 3247 del
1047 3201 1131 3248 diritto

64 3264 196 3318 ell'iudele,
209 3266 234 3309 ai
244 3263 356 3319 eostumi,
370 3264 394 3309 ai
407 3263 506 3317 bisogni
520 3263 546 3308 di
559 3278 592 3309 un
605 3265 705 3319 popolo.

130 3348 184 3393 34.
199 3347 362 3392 contineri
375 3366 402 3382 -
416 3346 558 3401 dipendere,
571 3347 688 3392 andarno.

103 3430 179 3484 cap.
195 3431 255 3475 lx.
270 3453 296 3460 -
311 3431 363 3474 33.
385 3429 410 3475 0.
430 3429 542 3475 Laelii
561 3431 664 3475 soceri
684 3432 758 3486 mei,
778 3433 802 3477 lo
823 3436 902 3477 stesso
923 3433 991 3478 Lelio
1013 3433 1053 3479 dol
1074 3437 1132 3481 ‹de
1161 3441 1164 3447 “

62 3497 183 3542 amicitia
197 3507 217 3542 ›.
230 3495 280 3541 Ere
289 3508 391 3542 suoeero
401 3494 632 3550 dell'intsrlooutore
642 3496 755 3543 Soevola:
770 3497 838 3543 eluto
847 3499 964 3544 Terenzio
975 3513 990 3544 a
1004 3512 1131 3555 oomporre

63 3564 86 3607 le
100 3576 145 3609 sue
159 3561 295 3608 oommexlie
310 3574 323 3606 e
337 3560 364 3606 fu
377 3561 461 3607 obiero
475 3562 540 3608 nolle
554 3562 623 3608 armi.
635 3587 663 3595 -
676 3576 786 3608 uereor
805 3568 851 3620 ut,
864 3565 955 3618 perebo
969 3564 1072 3612 Suevola
1091 3568 1132 3612 de-

61 3628 152 3675 odera
165 3627 191 3673 di
204 3630 278 3682 poter
291 3626 428 3672 consentire
443 3639 488 3671 oon
498 3627 587 3673 Crasse
601 3629 626 3672 iu
640 3629 722 3682 quelle
737 3629 799 3674 altre
814 3629 861 3674 due
871 3642 936 3684 eose,
950 3643 989 3674 mo
1003 3634 1069 3676 teme
1083 3642 1131 3677 non

61 3694 97 3746 gli
110 3708 192 3747 venga
206 3693 276 3739 tatto.
290 3715 316 3724 -
329 3696 449 3739 remoto
463 3712 489 3729 -·
503 3693 580 3739 onebe
595 3693 721 3754 leseiando
736 3694 767 3739 da
781 3698 860 3749 porte.

128 3779 182 3823 8⁶.
198 3776 397 3822 disertorum
411 3796 438 3811 ι-
452 3776 476 3820 di
486 3777 563 3830 quelli
573 3777 617 3823 obe
628 3791 671 3822 sorr
682 3776 758 3821 ehiuri
769 3791 782 3822 e
793 3779 883 3832 preoisi
893 3778 958 3822 nollo
969 3779 1132 3831 srolgimento

60 3842 98 3888 de’
111 3843 229 3898 pensieri,
242 3865 270 3874 -
282 3842 464 3896 utilitates,
478 3843 530 3887 utili
546 3842 681 3887 istituzloui
694 3842 785 3894 (Crux).
