2526 4246
139 143 175 196 90
507 155 540 194 m.
559 154 664 195 runnu
684 151 846 194 cronuoms

140 264 257 329 ratione
279 283 312 328 ac
334 263 383 329 via
405 261 442 327 Μ.
464 261 547 341 Cato,
571 262 602 327 P.
626 262 791 339 Africanus,
807 259 841 344 Q.
858 258 1005 337 Metellus,
1029 258 1060 325 C.
1075 258 1207 336 laelirn,

141 366 193 452 qui
216 385 320 431 omnes
342 368 518 450 eloquentes
539 365 671 442 fuerunt,
687 364 854 430 orationem
869 382 954 427 suam
970 371 1000 427 et
1015 362 1060 427 rei
1075 361 1208 448 publicae

140 468 317 555 dignitatem
339 467 534 534 exomabaut.

184 573 220 638 L.
244 571 347 656 Neque
369 571 451 636 enim
474 580 519 636 est
541 569 733 635 interdictum
756 579 808 634 aut
829 590 846 633 a
870 587 973 634 rerum
994 577 1105 633 natura
1127 577 1207 633 auta

141 677 207 761 lege
219 674 320 759 aliqua
331 684 422 759 atque
433 693 527 750 more,
544 683 577 738 ut
592 672 717 759 singulis
729 671 905 737 hominibus
919 690 957 736 ne
972 669 1107 756 amplius
1121 689 1208 756 quam

63 789 114 842 216
140 777 273 863 singulas
301 786 381 842 artes
409 795 496 840 nosse
525 776 620 840 liceat.
666 773 766 857 Quare
794 794 864 851 non,
895 773 920 839 si
949 772 1209 858 eloquentissimus

140 879 266 944 Athenis
287 878 416 944 Pericles
438 877 580 962 idemque
603 877 633 941 in
656 897 691 942 ea
713 877 832 942 civitate
854 875 1005 962 plurimos
1023 895 1121 940 umus
1134 875 1210 961 prin·

140 1001 210 1067 ceps
231 981 347 1046 consilii
369 980 483 1066 publici
506 979 571 1057 fuit,
594 980 703 1045 idcirco
725 979 861 1045 eiusdem
884 977 1017 1044 hominis
1035 987 1129 1063 atque
1143 977 1209 1042 anis

141 1094 270 1170 utraque
292 1084 416 1150 facultas
437 1084 636 1149 existimanda
659 1093 712 1161 est,
734 1103 798 1160 nec,
817 1082 842 1148 si
859 1082 889 1146 P.
907 1080 1037 1148 Crassus·
1053 1081 1137 1146 idem
1159 1080 1209 1146 fuit

141 1190 285 1272 eloquens
314 1197 343 1251 et
370 1187 445 1252 iuris
473 1187 599 1272 peritus,
626 1186 665 1252 ob
688 1207 755 1252 eam
777 1206 897 1252 causam
919 1185 996 1250 inest
1019 1185 1052 1249 in
1075 1186 1208 1250 facultate

63 1298 113 1351 217
141 1289 258 1355 dicendi
281 1289 356 1354 iuris
377 1289 474 1354 civilis
496 1289 627 1354 scientia.
672 1287 756 1365 Nam,
784 1289 818 1366 si,
845 1298 879 1353 ut
903 1287 1032 1373 quisque
1058 1287 1091 1351 in
1113 1287 1208 1370 aliqua

141 1401 205 1457 arte
221 1402 250 1457 et
265 1392 403 1457 facultate
415 1394 565 1457 excellens
576 1392 668 1457 aliam
680 1411 801 1476 quoque
815 1400 912 1464 artem
927 1388 982 1454 sibi
1000 1389 1208 1475 adsumpserit,

41 1568 45 1572 ,
141 1496 167 1560 is
187 1495 334 1582 perficiet,
357 1506 398 1571 ut,
423 1495 503 1580 quod
525 1504 681 1580 praeterea
704 1494 784 1570 sciet,
808 1493 838 1559 id
861 1493 935 1570 eius,
952 1493 983 1556 in
999 1512 1061 1577 quo
1076 1492 1206 1567 excellet,

140 1618 212 1684 pars
223 1597 372 1683 quaedam
384 1617 448 1662 esse
459 1597 607 1674 rideatur,
623 1597 692 1661 licet
707 1596 762 1660 ista
778 1596 893 1660 ratione
907 1594 1043 1660 dicamus
1057 1594 1121 1680 pila
1137 1595 1208 1659 berre

141 1710 171 1766 et
192 1700 350 1765 duodecim
373 1700 491 1785 scriptis
512 1699 618 1765 ludere
639 1699 798 1784 proprium
821 1718 885 1763 esse
907 1697 983 1764 iuris
1008 1697 1117 1773 civilis,
1143 1716 1209 1782 quo·

140 1803 222 1867 niam
245 1812 410 1886 utrumque
431 1822 537 1867 eorum
564 1801 594 1866 Ρ.
622 1801 735 1868 Mucius
760 1801 874 1887 optime
899 1800 1019 1879 fecerit;
1045 1799 1208 1884 eademque

140 1905 256 1969 ratione
284 1904 422 1969 dicantur
451 1914 489 1980 et,
521 1924 595 1988 quos
618 1909 766 1986 φυσικοὺς
787 1902 889 1968 Graeci
918 1903 1086 1978 nominant,
1120 1901 1206 1967 iidem

140 2017 256 2093 poetae,
280 2006 424 2091 quoniam
439 2005 633 2091 Empedocles
647 2007 789 2093 physicus
804 2006 959 2093 egregium
973 2025 1083 2091 poema
1099 2004 1205 2070 fecerit.

141 2111 176 2175 At
199 2110 255 2176 hoc
277 2129 315 2173 ne
336 2108 512 2195 philosophi
535 2109 658 2194 quidem
682 2111 748 2196 ipsi,
772 2110 824 2194 qui
847 2109 958 2186 omnia,
982 2109 1059 2174 sicut
1078 2107 1207 2194 propria,

141 2235 194 2279 sua
216 2233 280 2279 esse
302 2223 392 2298 atque
414 2233 431 2278 a
454 2233 485 2278 sc
508 2212 654 2298 possideri
680 2216 795 2289 volunt,
822 2213 923 2278 dicere
948 2211 1069 2288 audent,
1095 2228 1206 2297 geome

143 2317 231 2382 triam
253 2327 305 2383 aut
327 2316 472 2382 musicem
495 2315 670 2402 philosophi
693 2336 767 2393 esse,
791 2315 861 2401 quia
883 2313 1039 2379 Platonem
1057 2333 1162 2379 omnes
1180 2311 1206 2375 in

64 2423 115 2475 218
141 2419 202 2485 illis
213 2419 329 2484 artibus
339 2420 631 2505 praestantissimum
647 2419 738 2484 fuisse
755 2418 911 2483 fateantur.
946 2417 993 2494 Ac,
1007 2417 1032 2482 si
1044 2417 1105 2481 iam
1116 2417 1207 2502 placet

141 2628 270 2671 ratione
291 2640 327 2670 ac
347 2628 414 2679 oie,
428 2639 474 2670 con
489 2624 595 2676 melodo,
609 2625 632 2668 in
648 2623 758 2668 maniaco
773 2622 901 2668 metodica.
916 2647 942 2654 -
956 2622 991 2667 M.
1012 2621 1100 2673 Octo,
1115 2636 1137 2665 r.
1147 2624 1156 2671 1
1167 2621 1206 2663 lll.

141 2718 167 2724 —
182 2692 211 2736 P.
232 2693 421 2746 Africanus,
447 2692 472 2747 Q.
494 2690 654 2744 Metellus,
677 2690 702 2734 0.
723 2690 867 2744 Laeliae,
885 2692 985 2741 well.

182 2785 252 2836 cap.
268 2785 301 2828 L.
316 2807 342 2814 -
356 2785 423 2827 216.
442 2783 586 2826 Periclea
606 2781 632 2826 fu
646 2796 691 2835 par
706 2782 773 2826 molti
790 2782 846 2826 anni
862 2786 892 2834 (v.
906 2781 950 2835 Ill,
964 2783 1012 2830 138)
1026 2781 1043 2825 11
1058 2779 1102 2834 piu
1117 2783 1209 2825 autore·

140 2850 195 2895 vole
211 2849 328 2893 cittadino
343 2850 474 2904 (princepe
489 2849 592 2893 consilii
603 2849 712 2903 publici)
724 2848 790 2892 dalla
800 2848 945 2902 repubblica
959 2847 1085 2892 Ateniese.
1096 2846 1210 2891 Cicerone

143 2915 234 2962 lodice
250 2920 329 2968 acuto,
343 2914 414 2966 forte.
428 2915 529 2969 copioso
545 2930 558 2959 e
573 2915 659 2959 inuiam
675 2914 803 2968 leggiadro
823 2919 927 2960 oratore.
948 2913 1011 2958 Morl
1030 2913 1054 2957 di
1072 2918 1143 2967 peste
1160 2909 1212 2955 uel-

142 2983 221 3027 l’anno
235 2985 275 3026 429
290 2996 311 3026 a.
326 2981 350 3026 C.
364 3005 391 3013 -
407 2983 559 3036 idemque.
578 2981 652 3025 Idem
667 2981 791 3033 aggiunge
806 2995 838 3025 un
853 2980 961 3025 secondo
976 2980 1103 3034 predicato
1118 2980 1141 3023 al
1155 2989 1212 3027 soq-

141 3054 216 3102 getto.
230 3048 276 3093 Nol
291 3049 315 3093 lo
331 3049 484 3093 traduciamo
503 3062 560 3093 con:
579 3064 592 3092 e
608 3048 722 3101 insieme,
743 3060 756 3092 e
775 3047 806 3091 ad
821 3061 854 3091 un
868 3053 963 3100 tempo,
982 3047 1021 3091 del
1036 3046 1103 3100 pari,
1122 3042 1212 3090 anche}

141 3116 246 3160 talvolta
259 3129 307 3160 non
322 3115 342 3159 si
357 3115 466 3159 traduce.
482 3139 506 3146 -
522 3115 552 3158 P.
574 3114 720 3165 Graecus,
735 3128 757 3157 v.
771 3117 783 3163 ᾖ
799 3117 843 3158 110.

208 3204 275 3248 217,
298 3204 462 3247 duodecim
490 3203 627 3257 scriptis
656 3202 779 3246 ludere.
802 3201 851 3245 Era
875 3202 891 3245 il
914 3201 985 3254 giaco
1009 3201 1073 3246 delle
1098 3203 1123 3245 12
1145 3198 1212 3242 linae

140 3271 266 3325 (scripta),
280 3284 328 3313 uno
343 3269 427 3323 specie
441 3269 465 3313 df
480 3269 569 3322 giuoco
584 3268 648 3313 delle
664 3267 748 3320 dame,
761 3267 800 3312 nel
817 3268 890 3321 quale
905 3267 922 3310 il
937 3268 1056 3312 tavoliere
1076 3280 1119 3312 era
1132 3262 1212 3309 divise

142 3337 172 3380 da
189 3339 214 3380 12
228 3336 292 3380 linae
307 3335 427 3389 parallelo
443 3348 456 3380 e
472 3335 502 3379 da
518 3349 566 3379 una
581 3334 730 3379 fruerer-sale
745 3332 777 3377 ad
792 3346 846 3378 esse
866 3334 890 3377 in
908 3336 935 3377 ‘24
954 3333 1056 3387 spania
1075 3333 1212 3376 l‘avanzore

141 3404 215 3451 (dare
229 3403 370 3452 calculum)
385 3402 449 3445 delle
466 3404 490 3445 15
504 3401 594 3454 pedine
610 3400 713 3445 blanche
729 3414 742 3443 c
757 3414 827 3453 urere,
843 3400 887 3444 che
907 3399 927 3443 si
944 3413 1063 3451 usareuo,
1075 3411 1118 3444 era
1132 3396 1212 3440 detor

50 3479 53 3484 ·
142 3467 234 3511 minato
250 3467 281 3510 du
295 3481 328 3511 un
344 3472 411 3519 gatto
426 3467 450 3510 di
466 3466 536 3518 cladi,
550 3466 594 3511 che
613 3465 754 3520 precedere
773 3466 830 3518 ogni
848 3478 971 3509 muovere.
985 3465 1061 3514 Altri,
1076 3478 1130 3509 meu
1143 3462 1212 3506 bene

141 3534 258 3586 leggono:
272 3535 384 3588 scrupis.
397 3533 417 3577 Il
433 3533 477 3577 che
492 3532 505 3578 ὲ
520 3532 664 3577 dimostrato
679 3531 757 3576 anche
772 3532 812 3576 dal
826 3545 901 3585 passo
916 3531 940 3575 di
951 3532 1047 3586 Ovidio,
1060 3534 1080 3576 5.
1088 3532 1146 3575 Art.
1158 3531 1212 3572 an!

141 3602 187 3653 363,
202 3599 264 3644 dove
279 3599 329 3653 egli
339 3598 449 3644 descrive
464 3600 481 3643 il
496 3599 566 3652 giaco
582 3613 595 3644 e
610 3598 642 3643 dd
656 3598 758 3652 ragione
769 3598 833 3643 delle
844 3598 967 3653 linee‚che
979 3611 1023 3643 sou
1038 3602 1106 3642 tante
1121 3594 1212 3661 quacun·⁴

142 3666 150 3710 i
165 3666 233 3710 mosi.
246 3688 271 3696 -
285 3664 317 3709 P.
333 3663 471 3718 Mucius,
484 3669 525 3715 ut
536 3668 583 3711 212.
597 3689 620 3696 -
637 3664 859 3720 Empedoclea,
872 3670 930 3710 nato
946 3664 978 3709 ad
991 3665 1168 3719 Aorfoentunlt
1186 3656 1212 3698 ¹¹

142 3737 268 3790 disocpolo
283 3736 307 3779 di
323 3736 475 3790 Par-menide,
496 3751 508 3781 e
524 3737 612 3782 scrisse
627 3738 675 3781 due
685 3736 775 3791 poemf,
788 3750 836 3781 runo
847 3736 870 3780 fn
886 3736 1012 3781 asametri:
1030 3728 1089 3795 περὶ
1107 3727 1212 3795 φύσεω1

141 3813 216 3862 (della
230 3818 336 3866 natura),
349 3812 430 3857 l’altro
444 3826 506 3867 pure
522 3813 547 3857 in
563 3812 689 3857 esametri:
704 3804 841 3872 nadappof
859 3812 1057 3867 (purificazioni);
1071 3813 1087 3857 il
1103 3816 1126 3856 1⁰
1139 3809 1151 3854 ὲ
1165 3810 1210 3858 ¹1¹¹

131 3878 202 3922 detto
217 3879 351 3933 effreqt'um
364 3892 467 3935 poema.
482 3879 553 3925 Visae
569 3879 634 3924 forse
649 3879 689 3924 dal
704 3882 744 3924 495
758 3880 781 3924 al
796 3881 843 3926 435.
