2526 4246
222 191 507 232 nnouurormuru.
526 192 575 240 111,
596 190 665 232 aar.
685 191 853 245 xciv-xcv,
874 192 990 242 7777777
1076 177 1126 230 371

48 297 307 375 coniunctionem,
326 296 411 362 sicuti
433 315 567 375 versum,
585 316 747 362 numerose
762 294 869 362 cadere
885 307 915 361 et
930 296 1081 381 quadrare
1097 307 1127 362 et

51 399 157 487 perfici
181 401 333 465 volumus.
363 398 467 485 Neque
493 410 538 464 est
560 420 598 464 77
620 399 725 465 multis
749 418 897 477 777777,
927 419 1005 484 quae
1030 400 1126 486 magis

10 558 12 563 .
50 514 205 569 oratorem
235 502 273 568 ab
304 501 447 589 imperito
477 501 596 568 dicendi
626 502 793 589 ignaroque
822 501 1003 588 distinguat,
1034 522 1125 587 quam

10 640 14 647 ·
51 605 133 691 quod
156 605 211 670 ille
233 604 317 671 rudis
340 603 494 670 incondite
515 604 616 670 fundit
638 615 789 690 quantum
810 613 909 691 potest
931 613 961 669 et
982 604 1023 681 id,
1045 603 1126 690 quod

10 736 18 769 ·.
52 707 134 786 dicit,
155 706 276 793 spiritu,
304 727 367 772 non
394 717 460 773 7777
482 707 683 785 determinat,
711 718 814 773 orator
835 717 938 772 autem
967 707 1009 772 sic
1030 707 1126 793 illigat

50 810 237 876 senteutiam
258 809 377 888 verbis,
400 820 435 876 ut
456 829 523 876 eam
551 830 680 876 numero
703 809 836 895 quodam
857 811 1074 896 complectatur
1096 820 1126 875 77

10 898 13 905 ’
49 912 195 979 adstricto
217 923 247 978 et
268 914 375 978 soluto.
420 911 505 990 Nam,
518 932 587 978 cum
602 912 702 977 vinxit
723 911 821 978 forma
838 923 869 978 et
883 911 991 991 modis,
1009 914 1124 978 relaxat
1153 933 1202 986 176

47 1026 79 1081 et
100 1015 214 1080 liberat
236 1014 449 1080 immutatione
471 1014 597 1092 ordinis,
620 1025 655 1081 ut
676 1014 770 1080 verba
793 1034 893 1101 neque
915 1014 1047 1101 adligata
1064 1015 1124 1080 sint

47 1118 135 1204 quasi
155 1127 238 1183 certa
260 1118 362 1203 aliqua
384 1120 450 1205 lege
472 1137 579 1184 versus
601 1137 701 1203 neque
722 1118 765 1183 ita
787 1119 894 1196 soluta,
909 1128 943 1184 77
965 1129 1123 1205 vagentur.

90 1221 201 1287 XLV.
223 1219 363 1304 Quonam
385 1220 479 1306 igitur
500 1219 590 1285 modo
605 1230 725 1287 tantum
747 1240 860 1286 munus
879 1221 1064 1298 insistemus,
1091 1230 1124 1287 ut

45 1322 238 1389 arbitremur
259 1343 315 1387 uos
338 1322 417 1388 hauc
438 1322 502 1386 vim
524 1342 688 1388 numerose
709 1321 830 1388 dicendi
852 1324 994 1409 consequi
1017 1329 1123 1409 posse?

46 1424 113 1490 Non
129 1434 176 1490 est
191 1436 317 1490 restam
340 1423 482 1502 7777777777,
496 1444 588 1510 quam
611 1425 788 1490 necessaria.
804 1424 885 1489 Nihil
902 1434 947 1490 est
961 1425 1045 1491 enim
1061 1435 1123 1490 tam

47 1540 193 1594 tenemm
215 1547 315 1613 neque
337 1537 400 1592 tam
424 1527 559 1594 flexibile
581 1547 681 1612 neque
696 1527 777 1612 quod
792 1537 855 1592 tam
878 1527 964 1593 777777
979 1538 1124 1612 sequatur

45 1648 243 1715 quocumque
265 1628 365 1707 ducas,
393 1649 486 1713 quam
516 1629 621 1694 oratio.
666 1629 709 1693 Ex
732 1628 788 1694 hac
809 1649 925 1706 versus,
949 1649 985 1696 ex
1016 1629 1122 1694 eadem
1152 1649 1201 1701 177

44 1733 187 1820 dispares
210 1733 331 1798 numeri
353 1731 574 1810 confirmatum
597 1752 636 1798 777
652 1731 708 1797 hac
723 1732 796 1798 haec
811 1732 903 1798 etiam
918 1735 1015 1799 soluta
1032 1733 1123 1798 variis

46 1835 148 1902 rnodis
171 1836 401 1920 multorumque
423 1854 571 1919 generum
594 1835 699 1900 oratio.
715 1834 781 1900 Non
796 1835 881 1902 enim
896 1846 967 1902 sunt
989 1835 1048 1900 alia
1064 1857 1123 1902 ser-

46 1938 159 2015 7777777,
179 1937 239 2002 7777
260 1936 464 2003 contentionis
478 1936 589 2016 verba;
612 1956 712 2021 neque
727 1957 766 2003 ex
779 1937 838 2003 7777
852 1957 965 2023 genere
980 1938 1018 2003 ad
1033 1958 1122 2004 usum

43 2041 244 2117 cotidianum,
268 2039 327 2105 alio
349 2039 387 2105 ad
410 2059 550 2104 scaenam
571 2059 778 2125 pompamque
807 2052 989 2107 sumuntur:
1013 2042 1065 2106 sed
1088 2063 1122 2107 77

46 2227 82 2272 Lo
97 2231 179 2271 777777
192 2225 308 2279 pensiero
319 2223 332 2268 7
342 2223 367 2268 in
379 2223 482 2279 Orator,
491 2225 525 2279 56,
536 2226 587 2269 189:
601 2236 693 2270 aercae
703 2238 781 2280 saepe
790 2226 819 2269 ire
829 2225 946 2270 aratione
956 2238 1008 2280 per
1021 2225 1123 2280 impre-

44 2297 168 2342 dentiam
177 2295 297 2348 dicimus,
308 2295 378 2348 qaod
387 2294 549 2339 vehementer
559 2298 597 2339 777
611 2295 741 2339 vitiosam.
750 2318 776 2325 -
789 2307 957 2340 numerose
971 2295 1087 2341 cadere
1097 2314 1122 2330 =

46 2367 125 2413 abbia
143 2366 168 2411 77
184 2365 292 2411 cedenac
310 2364 501 2419 perfettemente
518 2365 633 2418 regelari.
652 2388 678 2396 -
699 2367 864 2420 quadrare
882 2386 909 2399 =
931 2368 992 2420 apte
1014 2367 1122 2420 cadere,

47 2443 101 2484 ster
115 2438 187 2492 bene,
201 2436 329 2490 7777777777,
343 2449 420 2491 qaam
435 2436 471 2480 ad
484 2436 599 2491 modam,
614 2435 739 2489 eggiuuge
753 2435 771 2481 il
785 2435 930 2490 Foreelliui,
943 2437 1071 2490 quadrati
1085 2438 1124 2482 la·

43 2509 124 2564 ptaee
138 2509 167 2553 in
181 2510 319 2552 structura
338 2506 418 2560 facile
436 2510 630 2561 componuntur
649 2509 673 2550 et
688 2509 748 2560 apte
766 2507 862 2551 sedent.
876 2529 902 2536 -
916 2507 1050 2560 spirita.
1064 2506 1124 2562 Spi-

48 2582 119 2626 777777
138 2581 152 2624 e
171 2590 183 2622 ‹
204 2577 270 2632 fleto,
285 2578 380 2632 respiro
390 2587 410 2621 ›.
424 2576 472 2630 Qui
486 2576 546 2632 puoi
561 2577 685 2622 tradurre:
694 2590 741 2631 per
750 2582 842 2632 quanto
853 2581 981 2632 comporta
991 2577 1015 2622 77
1025 2578 1125 2632 profon-

48 2651 101 2697 dite
122 2649 163 2696 del
185 2663 229 2695 suo
250 2648 354 2704 respiro.
374 2671 401 2680 -
424 2648 539 2703 77777777
561 2649 761 2693 sententiam
783 2667 810 2685 =
833 2648 890 2702 lege
913 2648 931 2693 77
954 2654 1075 2695 77777777.
1098 2673 1123 2681 -

49 2722 213 2768 adstricto
236 2724 264 2766 77
287 2719 402 2773 soluta,
418 2718 436 2763 77
458 2722 481 2763 1⁰
496 2719 612 2774 risponde
627 2732 653 2764 a:
666 2719 750 2764 77777777
760 2720 852 2775 forma
871 2724 895 2765 et
909 2721 1001 2774 modis,
1021 2721 1038 2765 il
1056 2724 1081 2765 ‘20
1096 2734 1123 2766 a:

48 2793 156 2839 redueat
170 2794 195 2837 77
209 2790 353 2837 iiberatdel
364 2794 375 2841 7
386 2794 512 2843 7777777777.

115 2887 307 2941 1777777777
326 2890 354 2930 77
372 2886 486 2931 modia.
506 2886 616 2931 Intendi:
632 2890 671 2931 tre
692 2891 758 2932 certe
780 2888 848 2941 leggi
866 2901 935 2934 come
958 2888 983 2933 di
1002 2902 1082 2933 verso.
1095 2888 1124 2932 Iu

50 2957 201 3013 perticolore
215 2958 266 3012 poi,
282 2958 374 3012 farma
388 2956 402 3000 ὸ
417 2969 429 3000 (
443 2959 563 3002 7777777777
584 2957 697 3003 7777777777
711 2969 731 3012 ),
745 2960 846 3013 maduo,
861 2972 873 3003 ‹
887 2960 980 3004 misurc
994 2959 1091 3004 ritmico
1105 2970 1125 3002 ›.

91 3059 167 3112 Cap.
182 3059 278 3104 XLV.
290 3062 453 3104 —taretam
471 3071 587 3103 7777777777
605 3058 1006 3103 insistemuc=sodisferemo
1023 3072 1038 3102 a
1055 3062 1123 3103 tanto

51 3129 175 3185 impegno.
189 3129 254 3174 Nota
269 3129 314 3174 che
328 3131 450 3175 inciotere
470 3129 512 3174 nel
534 3142 606 3174 senso
621 3128 646 3172 di
660 3129 817 3179 inaurrcdere,
835 3128 971 3182 attendere,
985 3141 1053 3173 come
1075 3129 1126 3182 qui,

50 3206 122 3246 uento
136 3200 351 3246 transitivemeute
367 3201 380 3246 7
395 3201 500 3246 areeico.
515 3199 563 3245 Cfr.
577 3200 690 3253 Futuro,
703 3198 761 3244 Mil.
778 3199 857 3249 Olor„
873 3199 918 3253 111,
935 3201 954 3254 3,
968 3202 1001 3244 55.
1015 3223 1041 3229 -
1056 3199 1125 3253 vim,

50 3277 163 3326 potenza.
178 3295 204 3304 -
217 3283 400 3326 nemorose,
411 3285 457 3325 per
471 3283 572 3315 numero
583 3270 614 3314 ed
624 3269 742 3314 armonia.
752 3293 778 3301 -
792 3273 944 3324 tenerum,
959 3270 1039 3323 molle,
1054 3269 1125 3314 cede·

49 3344 112 3388 vole.
133 3342 184 3387 Che
201 3341 239 3386 sia
260 3346 348 3396 questo
370 3342 387 3386 il
408 3341 554 3395 significato,
575 3340 698 3385 desumesi
719 3340 797 3386 unche
819 3338 948 3386 dall’unire
969 3340 1013 3385 che
1035 3340 1084 3384 Cic.
1098 3340 1124 3385 fn

50 3417 138 3468 questo
153 3426 210 3466 agg.
225 3425 270 3458 con
285 3413 381 3458 mollia.
394 3412 443 3457 cfr.
460 3411 539 3465 Orat,
554 3413 586 3465 16,
599 3412 633 3455 52.

116 3501 190 3546 m.
204 3500 332 3553 Idaliae,
347 3504 402 3545 sott.
417 3500 534 3545 aratione
544 3517 571 3534 =
584 3498 658 3543 Delle
672 3498 768 3552 parole.
782 3522 809 3530 —
823 3498 976 3554 dispareo
990 3500 1125 3552 auocari,

50 3571 58 3615 i
76 3571 144 3616 ritmi
163 3582 213 3615 nou
231 3571 337 3624 foggieti
358 3571 515 3624 uguulmente
538 3569 578 3613 del
597 3567 707 3613 discorso
729 3568 837 3613 oratorio
858 3569 955 3619 (Sorai).
972 3593 999 3601 -
1019 3569 1124 3613 variis

48 3643 153 3688 modia
168 3659 195 3677 =
210 3640 277 3686 della
295 3641 435 3695 molteplioe
455 3639 573 3684 armonia.
586 3662 612 3669 -
630 3641 804 3692 sermonis,
818 3638 859 3686 del
877 3640 976 3695 perlere
996 3639 1125 3685 familiare.

50 3712 320 3766 -aontentianie,
337 3711 376 3756 del
392 3712 527 3765 disputare,
542 3710 665 3754 discutere
680 3709 747 3762 degli
762 3711 862 3755 oratori.
877 3735 902 3742 -
920 3712 960 3756 ad
973 3724 1124 3756 scaenam

45 3795 268 3839 pompamque.
288 3783 332 3827 De'
347 3781 533 3828 commentatori
555 3780 601 3833 chi,
616 3793 685 3825 come
699 3780 716 3823 il
732 3781 808 3834 Cima,
821 3782 884 3826 rede
899 3782 942 3836 qui
955 3781 1096 3826 nu’eudiadi
1111 3796 1124 3825 e

48 3854 167 3900 traduce:
180 3865 249 3907 ‹per
263 3853 279 3896 il
294 3853 437 3907 linguaggio
453 3864 573 3906 pomposo
589 3849 655 3895 della
665 3864 739 3896 sceno
748 3862 769 3904 ),
778 3850 839 3905 eree,
853 3864 899 3905 per
908 3852 932 3896 lo
948 3852 1004 3896 77777
1019 3850 1123 3901 tragica

46 3925 96 3979 7777,
110 3937 180 3970 come
195 3923 214 3967 il
228 3922 305 3978 Sorof,
320 3937 367 3969 uon
381 3923 405 3968 ri
419 3921 482 3968 rede
497 3920 598 3967 eudiedi
612 3933 625 3966 e
642 3920 759 3968 traduce:
775 3922 811 3967 ad
823 3933 956 3977 pompam
969 3934 985 3965 7
994 3932 1044 3972 per
1058 3929 1143 3967 77777·
