2526 4246
127 121 179 175 ‘288
496 140 530 179 u.
548 139 653 180 notun
671 138 834 181 mannonis

66 260 102 312 cn
127 264 198 330 ceps
221 244 357 310 Socrates
387 243 451 311 luit.
497 243 534 321 ls,
557 243 609 330 qui
639 245 778 311 omnium
806 244 1002 313 eruditarum
1030 247 1153 313 testimon

129 347 280 433 totiusque
303 346 365 413 iudi
383 347 412 412 io
435 347 579 449 §speciae
599 367 668 413 eum
695 347 861 434 prudentia
882 358 914 415 et
937 349 1075 416 acumine
1095 360 1121 416 et
1137 370 1152 410 n

127 460 247 516 nustate
263 461 293 515 et
314 368 481 516 suiiililate
510 459 583 545 turnf
602 471 675 559 vpro
704 449 889 536 eloquentia,
920 451 1075 530 varietate,
1103 452 1152 537 oopf

127 574 219 638 quam
243 573 275 617 se
296 572 426 638 eumque
442 524 619 638 humilem
632 551 774 631 dedisset,
790 553 932 620 omnium
947 554 1005 622 fuit
1018 554 1102 621 facile
1115 553 1152 640 pri

126 676 206 741 ceps,
231 654 276 731 iis,
299 655 352 741 qui
387 654 476 732 haee,
506 650 584 741 quae
616 674 699 720 nuno
728 675 784 720 nos
810 655 1012 741 quaerimus,
1028 667 1152 723 tractaret

127 769 261 845 agerent,
277 759 512 835 deserentium
527 757 652 826 nornine
666 760 898 846 appellarentur
912 782 987 838 uno,
1007 762 1087 848 quod
1101 781 1151 827 onu

127 883 232 927 rerum
255 861 441 948 optimarum
456 860 589 949 cognitio
612 871 703 947 atque
724 860 757 927 in
780 861 818 928 iis
839 863 1018 930 exercitatio
1040 864 1150 951 philos

127 964 214 1049 phia
238 965 459 1042 nominaretur,
475 965 531 1031 hoo
545 984 707 1030 eommune
722 985 836 1031 nomen
852 966 969 1052 eripuit
988 967 1150 1054 sapientem

127 1067 277 1131 sentiendi
301 1078 330 1132 et
352 1078 459 1138 ornate
480 1067 600 1133 dicendi
626 1066 793 1145 seientiam,
813 1088 848 1134 re
870 1069 1080 1148 cohaerentes,
1101 1069 1150 1154 disp

128 1168 292 1234 rationibus
313 1169 375 1234 suis
397 1169 565 1257 separavit3
588 1169 673 1235 ouius
688 1169 846 1257 ingenium
861 1171 1027 1258 variosque
1048 1191 1149 1238 sermon

128 1271 347 1337 immortalitati
370 1272 490 1358 seriptis
512 1272 574 1338 suis
596 1272 679 1337 Plato
706 1271 847 1350 tradidit,
870 1294 941 1338 eum
972 1275 1039 1360 ipse
1070 1275 1149 1340 litters

65 1385 97 1438 61
127 1375 263 1441 Socrates
277 1376 395 1440 nullam
409 1375 589 1461 reliquisset.
634 1373 709 1441 Hino
722 1374 884 1440 dissidium
897 1376 978 1442 illud
989 1379 1103 1443 exstitit
1113 1398 1149 1461 qu¹

127 1479 248 1564 linguae
269 1489 360 1563 atque
382 1477 489 1554 cordis,
512 1478 680 1543 absurdum
702 1498 776 1543 saue
797 1487 828 1543 et
849 1477 962 1545 inutile
984 1491 1016 1546 et
1037 1481 1149 1567 reprelu

125 1581 272 1657 (lendum,
294 1591 328 1645 ut
350 1580 401 1645 alii
425 1600 480 1645 nos
504 1601 620 1666 sapere,
641 1580 693 1645 alii
721 1580 822 1646 dicere
843 1580 999 1648 docerent.
1024 1583 1107 1660 Nam,
1126 1604 1149 1648 u

125 1693 226 1747 essent
249 1685 353 1767 plures
375 1682 432 1747 orti
455 1682 517 1747 iere
540 1703 556 1747 a
580 1683 710 1760 Socrate,
726 1682 807 1768 quod
829 1702 867 1748 ex
890 1682 975 1749 illius
998 1685 1091 1752 variis
1110 1695 1137 1752 et

125 1785 222 1849 vorsis
237 1795 267 1849 et
291 1786 320 1849 in
338 1805 461 1850 omnem
477 1794 597 1869 partem
612 1784 731 1871 (Effusis
750 1784 845 1870 dispu
887 1784 893 1796 '
973 1807 1010 1853 ns
1025 1787 1148 1853 aliusali

124 1884 381 1971 apprehenderat,
403 1884 627 1971 proseminatae
648 1897 721 1953 sunt
735 1887 825 1983 quasi
837 1887 909 1979 l‘auu
924 1870 972 1954 rie
987 1889 1146 1956 dissentien

127 1989 205 2054 inter
228 2009 259 2053 se
282 1999 312 2053 et
333 1992 465 2054 multum
488 1988 654 2056 disiunctae
677 1999 707 2054 et
722 1978 954 2076 disparessoum
970 2002 1073 2059 tamen
1093 2013 1146 2057 omi

125 2114 157 2158 se
179 2092 356 2178 philosophi
380 2091 544 2158 Socraticos
566 2101 596 2158 et
617 2091 676 2157 diei
698 2094 814 2158 vellent
835 2103 866 2160 et
881 2114 948 2160 esse
963 2096 1146 2162 arbitrarent

83 2258 99 2271 v
168 2215 286 2281 XVll.
309 2215 348 2278 Aa
369 2213 470 2298 primo
486 2212 603 2298 abipso
618 2213 744 2279 Platone
759 2213 933 2280 Aristoteles
954 2225 985 2282 et
1006 2214 1145 2283 Xenocrat

127 2363 262 2371 ———-

193 2434 243 2475 60.
265 2433 439 2474 venustate.
466 2426 597 2471 Venustus
619 2427 632 2470 ὸ
655 2426 709 2480 qui:
730 2431 810 2480 gusto,
828 2426 929 2479 linezza,
948 2442 1022 2474 senso
1037 2429 1076 2475 del
1090 2429 1144 2474 helle

124 2527 150 2534 —
165 2509 258 2557 quam
277 2515 308 2545 se
327 2512 464 2554 curruque,
480 2497 551 2541 turesi
561 2510 618 2550 per:
630 2510 821 2552 utramcumque
835 2511 903 2541 se—
914 2498 1021 2553 lavile
1035 2501 1142 2556 prinae

124 2571 394 2617 ineontrastahilmente
410 2570 426 2614 il
442 2568 529 2622 primo.
547 2591 573 2599 -
594 2568 649 2611 hoa
673 2578 834 2612 commune
856 2580 969 2614 nomen
982 2588 1009 2607 =
1024 2574 1109 2625 questo
1121 2583 1143 2614 nt

124 2644 148 2687 di
160 2643 252 2694 filosofi,
263 2642 307 2685 eho
323 2655 365 2685 era
375 2642 428 2685 loro
445 2651 629 2683 comune-re
643 2638 851 2683 cohaerentes
861 2656 887 2675 =
897 2639 943 2684 ohe
958 2639 983 2684 in
994 2640 1068 2686 fondo
1081 2644 1140 2691 (rels

124 2726 240 2757 unuoosa
254 2711 492 2765 solu-scriptis
507 2708 683 2753 suisPlato
699 2709 849 2759 tradidit.
859 2708 968 2760 etssts:
982 2711 1063 2757 libros
1072 2711 1142 2755 Plato

125 2782 407 2835 mirabiliterscriptos,
416 2795 428 2826 e
439 2780 494 2825 redi
505 2783 600 2824 nots.—
608 2792 676 2824 oum
685 2814 689 2824 .
697 2813 703 2824 .
711 2814 717 2826 .
725 2779 926 2835 reliquisset.
936 2779 984 2834 Qui
994 2779 1141 2837 aumpudess

124 2853 267 2898 concessivo
283 2865 295 2896 e
310 2851 410 2896 causalo
426 2851 536 2896 insieme.
550 2873 575 2880 —
591 2851 776 2896 litteram...
802 2850 931 2895 nuliam
946 2868 974 2887 =
987 2852 1088 2898 nissuno
1101 2849 1142 2896 sori

192 2938 240 2981 ol.
261 2936 435 2979 discidium
454 2935 548 2987 iliud,
562 2933 646 2987 quella
656 2933 829 2986 malauguratn
843 2934 1049 2987 separazione.-
1063 2936 1140 2989 linas

125 3007 240 3062 risponde
256 3008 389 3051 sll'ornate
399 3006 515 3058 dioenat;
529 3005 614 3049 cordis
628 3004 652 3048 el
667 3005 802 3058 sapienter
815 3005 957 3049 sentiendi:
965 3005 1066 3059 parlare
1080 3017 1140 3059 sper

124 3080 194 3125 bene.
208 3103 234 3109 -
245 3079 360 3133 plures
380 3077 444 3121 ortt
459 3076 530 3130 sere
549 3089 566 3119 a
584 3074 728 3119 Socrate.
745 3075 861 3119 Aaoeuuo
875 3074 899 3118 si
914 3074 1036 3130 disoepoli
1050 3075 1074 3120 di
1088 3075 1139 3120 Soor

125 3147 175 3190 alla
194 3146 278 3191 souole
293 3145 318 3189 di
338 3144 378 3188 lui.
396 3166 423 3174 -
437 3143 540 3187 variis
563 3145 590 3186 et
612 3142 769 3193 dirersis,·
783 3141 876 3186 uarius
890 3154 999 3186 eeoenna
1013 3143 1061 3188 elle
1075 3140 1139 3197 quali

123 3216 253 3271 proprisit
268 3215 391 3260 differenti
407 3214 479 3258 d’uuo
491 3218 570 3257 stesso
582 3217 697 3266 osgottm
712 3213 830 3257 diversus
841 3211 923 3257 indica
933 3213 1028 3267 oggerii
1038 3210 1139 3268 opposti'

124 3290 203 3333 l’altro
219 3302 232 3332 o
248 3287 343 3342 qualite
357 3291 461 3339 opposta
477 3285 549 3328 d'uno
565 3287 644 3328 stesso
659 3286 768 3336 oggetto.
782 3307 808 3314 -
827 3283 860 3327 in
883 3296 1003 3329 omnem
1021 3287 1139 3339 partem

124 3372 199 3412 sopra
218 3358 276 3411 ogni
294 3359 444 3409 argomento.
463 3355 747 3409 —proseminatae
765 3372 790 3388 =
810 3353 981 3408 disseminate,
995 3350 1136 3406 derivate‚d

123 3432 196 3472 mute.
210 3452 236 3458 —
250 3429 265 3481 s
268 3440 316 3471 am
323 3427 398 3469 iliae
412 3443 438 3460 π
453 3429 523 3478 setta,
538 3424 581 3469 ohe
597 3425 723 3468 formavan
739 3423 771 3468 da
788 3424 870 3477 prima
884 3423 956 3477 quasi
972 3438 1022 3469 una
1040 3421 1138 3476 famiglis

122 3511 192 3541 aum
213 3498 245 3541 hs
265 3510 336 3541 senso
356 3495 506 3540 eoueessivo.
524 3519 550 3525 —
570 3496 826 3548 arbitrarentur,
843 3494 981 3540 oredevuno
995 3494 1021 3540 in
1035 3494 1112 3540 buono
1125 3491 1138 3534 h

123 3566 166 3611 V'le
181 3582 213 3611 un
228 3570 269 3621 po*
279 3566 388 3611 d'ironia.
402 3565 512 3610 Secondo
528 3566 551 3609 lo
567 3565 672 3619 Schultz,
682 3565 811 3609 arbitrari
826 3566 893 3609 vale:
906 3565 1013 3611 ritenere
1022 3579 1071 3610 una
1080 3575 1130 3608 ooss

120 3651 181 3682 vora
191 3637 270 3682 dietro
280 3637 296 3681 il
306 3635 407 3691 proprio
423 3649 511 3689 parere
522 3649 536 3679 o
551 3636 576 3678 la
590 3634 692 3688 propris
703 3634 860 3679 oonvinzione
876 3635 976 3690 morale,
986 3649 1059 3680 senza
1068 3635 1103 3679 far
1110 3643 1137 3686 pu

121 3708 216 3753 ouleolo
233 3706 365 3752 doll’altrui
379 3714 495 3751 sentenaa
511 3720 524 3751 o
539 3706 654 3758 giudizio.

162 3795 354 3852 cap.xvl1.
369 3817 395 3827 -
410 3795 460 3838 οἳ.
475 3794 812 3847 Aristoteles;l‚43,49.
827 3817 852 3824 -
866 3793 1078 3845 Xenocrates,
1090 3792 1137 3835 ueto

111 3871 254 3919 Cnlaedano
270 3870 373 3923 (396-314
388 3882 409 3915 u.
424 3866 469 3923 0.),
481 3865 509 3912 lu
525 3864 652 3919 diseepolo
667 3864 693 3907 di
702 3864 817 3907 Plutone.
826 3864 907 3908 'storto
925 3864 1066 3918 Plutonem
1079 3859 1136 3906 sools
