2526 4246
148 130 201 182 214
515 147 547 188 u.
567 147 673 188 uuum
693 145 856 189 cicunonls

157 248 256 314 «eris.
280 249 400 317 iubebis
422 252 516 337 igitur
541 262 581 329 te,
608 253 718 339 inquit,
745 251 904 319 suscitari?
932 262 966 318 et
994 262 1048 320 tu:
1070 252 1152 319 Certe
1169 270 1210 318 ne·

71 358 123 409 260
157 370 289 437 «garam
314 363 342 418 te
364 356 526 420 molestum
550 354 688 421 [uturum
703 384 732 419 ».
778 354 820 419 Ex
842 352 956 420 eodem
975 354 1036 420 hoc
1049 353 1209 422 vetusillud

149 464 203 531 est,
234 455 314 539 quod
341 456 427 522 aiunt
453 456 693 543 Maluginensem
721 458 809 524 illum
841 455 909 543 [ll]
942 457 1127 545 Scipionem,
1152 477 1208 523 cum

148 577 186 620 ex
208 558 345 623 centuria
374 579 426 623 sua
458 560 648 625 renuntiaret
677 559 835 626 Acidinum
869 561 1032 626 consulem
1057 579 1210 646 praecoque

148 658 286 725 dixisset:
317 660 400 725 «Dic
422 660 460 726 de
481 661 512 724 li.
537 660 663 727 Manlio:
695 661 803 728 Virum
837 660 968 739 bonum,
1004 661 1120 748 inquit,
1141 681 1208 749 egre·

154 762 327 849 «giumque
356 765 453 829 civem
476 784 542 830 esse
571 764 704 830 arbitror
729 793 758 828 ».
793 762 933 829 Ridicule
963 764 1059 830 etiam
1085 764 1160 831 illud
1183 763 1207 829 1.

147 863 297 950 [Porcius]
319 865 422 930 Nasica
437 866 553 932 censori
570 865 687 945 Catoni,
709 886 776 933 eum
794 865 863 931 ille:
894 894 908 922 α
929 866 973 931 lix
988 868 1034 933 tui
1050 867 1143 933 animi
1156 887 1208 932 sen·
1237 896 1243 905 ·

153 968 276 1032 «tentia
301 978 332 1033 tu
351 989 477 1034 uxorem
495 968 606 1035 habes?
629 968 695 1034 Non
711 969 842 1045 hercule,
859 968 973 1054 inquit,
998 989 1038 1035 ex
1054 971 1113 1036 mei
1127 968 1206 1035 animi

152 1070 331 1134 «sententia
347 1100 375 1135 n.
400 1071 477 1137 Haeo
498 1081 551 1137 aut
573 1071 681 1157 frigida
704 1082 775 1138 sunt
789 1079 841 1137 aut
862 1080 932 1136 tum
950 1074 1042 1150 salsa,
1055 1092 1124 1139 cum
1138 1069 1207 1137 alind

144 1181 189 1236 est
211 1183 425 1256 exspectatum.
456 1173 568 1239 Natura
597 1174 680 1239 enim
703 1194 767 1251 nos,
789 1184 823 1239 ut
849 1182 922 1239 ante
946 1174 1022 1252 dixi,
1046 1185 1148 1242 noster
1169 1175 1208 1241 de

144 1276 233 1339 lectat
254 1295 354 1354 error;
378 1297 416 1341 ex
438 1297 507 1362 quo,
524 1297 593 1343 cum
616 1277 701 1362 quasi
724 1276 839 1362 decepti
855 1297 964 1343 sumus
987 1278 1207 1364 exspectatione,

143 1376 288 1443 ridemus.

64 1510 114 1563 261
187 1498 291 1564 LXV.
316 1498 349 1564 ln
365 1499 468 1564 verbis
482 1499 575 1565 etiam
592 1500 645 1564 illa
660 1510 740 1576 sunt,
757 1519 835 1584 quae
850 1509 904 1563 aut
919 1519 959 1564 ex
977 1500 1138 1567 immutata
1151 1521 1206 1566 ora·
1241 1578 1243 1591 Ι

143 1601 227 1666 tione
249 1600 402 1668 ducuntur
423 1611 475 1666 aut
496 1623 534 1667 ex
556 1602 648 1669 unius
663 1601 750 1667 verbi
769 1601 970 1667 translatione
993 1614 1047 1670 aut
1069 1624 1106 1669 er
1122 1603 1207 1668 inver-
1240 1600 1243 1657 1

143 1703 229 1767 sione
251 1703 425 1769 verborum.
450 1703 492 1767 En
515 1704 737 1781 immutatione,
760 1713 794 1770 ut
815 1703 889 1768 olim
912 1702 1011 1770 Rusca
1033 1725 1104 1771 cum
1122 1707 1205 1791 legen
1241 1746 1243 1771 ;

144 1803 237 1869 ferret
259 1809 412 1882 annalem,
442 1805 595 1882 dissuasor
623 1806 660 1871 Μ.
685 1805 846 1872 Servilius:
877 1833 891 1863 ι
917 1804 974 1872 Dic
996 1807 1086 1885 mihi,
1109 1806 1206 1893 inquit,

150 1905 216 1968 «M.
241 1906 352 1984 Pinari,
376 1929 462 1984 num,
485 1909 508 1972 si
532 1919 637 1974 contra
653 1919 682 1974 te
697 1908 812 1983 dixero,
828 1907 906 1972 mihi
923 1896 1160 1977 maledicturus
1170 1929 1205 1983 es,

149 2035 162 2063 «
178 2017 212 2072 ut
233 2010 341 2073 ceteris
363 2010 478 2076 iecisti?
502 2010 539 2076 Ut
560 2020 728 2076 sementem
752 2009 867 2085 leceris,
885 2009 1085 2089 immoles»,
1109 2010 1202 2097 inquit

64 2115 117 2169 262
143 2108 184 2173 En
207 2112 405 2177 translatione
428 2121 539 2189 autem,
570 2122 612 2189 ut,
635 2132 704 2177 cum
727 2111 827 2196 Scipio
850 2111 902 2177 ille
925 2112 1027 2177 maior
1049 2112 1202 2179 Corinthiis
1241 2112 1243 2119 '

208 2318 283 2361 260.
298 2317 591 2372 Muluuinenoem...
613 2318 834 2373 Scipionem...
853 2330 888 2362 eoo
910 2322 1065 2366 centuria
1083 2329 1202 2373 sufficet.
1241 2352 1243 2365 .

141 2388 306 2433 Renuntiare
319 2389 459 2444 consulem,
470 2393 623 2444 praetorem
637 2389 726 2434 volero
745 2388 798 2433 dire
813 2387 858 2433 ohe
872 2387 890 2432 il
905 2401 971 2442 copo
986 2390 1013 2435 di
1028 2391 1086 2445 ogni
1099 2388 1200 2439 oenum
1240 2390 1243 2425 ³

141 2458 309 2503 nell'clozione
329 2457 367 2501 ile’
381 2457 526 2512 magistrati,
541 2457 695 2503 onnunziava
709 2458 725 2502 il
742 2458 866 2503 nominato
881 2457 950 2503 delle
972 2473 1018 2505 sua
1033 2459 1147 2506 oenum„
1158 2455 1200 2503 sci·

140 2529 214 2582 piune
229 2528 350 2574 unnunzid
360 2529 385 2574 lu
398 2543 443 2574 suu
457 2542 517 2574 aver
531 2529 656 2574 nominato
672 2529 771 2574 console
787 2528 893 2573 Acidino
903 2528 929 2579 (il
947 2530 994 2575 ohe
1008 2530 1036 2576 fu
1046 2532 1086 2576 nel
1095 2530 1146 2584 stt}
1156 2529 1201 2579 iffi),

141 2612 215 2643 senza
228 2603 376 2652 premettere
391 2599 419 2643 L.
433 2598 533 2644 Manlio.
547 2600 567 2643 ll
575 2612 681 2654 praeco,
695 2598 831 2652 ignorando
846 2598 891 2644 che
906 2599 960 2645 eosl
975 2601 997 2646 si
1011 2601 1144 2648 chiemense
1153 2596 1201 2644 Aoi·

140 2669 205 2723 diuo,
219 2667 351 2714 domandd:
366 2669 385 2713 E
401 2669 425 2713 di
439 2670 465 2713 L.
480 2669 572 2714 Manlio
583 2669 628 2715 che
644 2669 710 2714 dici?
724 2669 839 2723 Scipione
850 2669 992 2724 ellora,per
1006 2668 1201 2726 prender-sigium

141 2739 207 2784 della
226 2740 381 2785 soioeohezza
396 2739 421 2784 di
436 2740 478 2795 lui,
493 2740 589 2794 rispose
604 2741 691 2785 oh'eru
705 2754 738 2784 un
753 2753 825 2785 uomo
841 2739 962 2787 dubbene.
972 2741 1054 2789 Notisi
1064 2743 1108 2788 clre
1122 2737 1201 2787 nuto

140 2811 244 2855 Acidino
260 2809 381 2856 annuncio
395 2825 440 2864 per
455 2811 535 2864 primo
545 2824 591 2856 con
601 2825 651 2856 unu
661 2825 706 2856 sua
720 2811 810 2855 lettera
821 2810 862 2856 dol
872 2824 963 2866 cumpo
973 2811 998 2857 ui
1009 2812 1111 2859 Romani
1121 2809 1202 2857 latiore

139 2894 220 2926 nuova
234 2882 300 2927 della
314 2882 417 2926 disfatto
431 2881 454 2926 ‹li
471 2881 610 2927 Asdrubale
631 2882 654 2927 ul
673 2882 785 2927 Mutouro
804 2884 855 2929 tttt
866 2883 871 2933 1
882 2883 939 2931 ddi).
953 2906 980 2914 —
995 2883 1128 2930 Porcius
1140 2880 1151 2927 1
1165 2884 1202 2923 ln

138 2954 271 3006 parentosi,
284 2951 375 3006 parcho
390 2952 397 2995 i
413 2952 503 2998 Nasica
518 2965 566 2997 non
581 2965 655 2997 erano
671 2952 708 2996 de'
719 2951 807 3006 Porcii,
821 2966 862 2996 mu
876 2951 914 2996 de*
928 2952 1046 2999 Cornelii.
1059 2977 1085 2986 -
1098 2954 1138 2999 Ex
1154 2954 1201 2993 111

138 3034 230 3066 antur
249 3034 433 3075 snnnnunrn,
443 3022 550 3067 formula
564 3035 610 3068 con
625 3022 683 3067 cuii
694 3023 796 3076 censori,
810 3023 850 3067 nel
860 3023 914 3067 fore
924 3022 941 3067 il
952 3037 1037 3080 oense,
1044 3015 1203 3071 demutando

138 3108 153 3137 u
167 3107 216 3138 nno
231 3109 256 3138 se
272 3106 358 3138 ovasse
374 3094 471 3147 moglie,
490 3093 525 3147 gli
545 3093 665 3138 ‹licevuno
686 3092 711 3137 (11
726 3106 774 3138 non
789 3093 871 3137 celare
886 3093 903 3137 il
918 3107 986 3150 vero,
1000 3094 1109 3149 siccent,
1123 3105 1146 3139 ee
1160 3096 1206 3133 01¹⁸

137 3164 224 3217 celibe,
243 3164 337 3209 dovera
358 3177 452 3218 pugare
475 3163 537 3208 l’aeo
558 3165 698 3218 uccericium
717 3162 768 3217 pud
783 3162 923 3216 significare
945 3164 986 3209 del
1008 3170 1089 3217 reetoa
1105 3155 1206 3211 secondss

139 3229 228 3284 ueritis,
241 3244 255 3273 0
270 3229 376 3276 secondo
391 3229 436 3274 che
451 3229 470 3273 ti
484 3230 585 3274 talenta.

180 3325 254 3379 cap.
271 3327 521 3370 bxv-leffium
544 3327 720 3371 immutato
738 3327 901 3381 oratione,
916 3325 930 3372 d
945 3327 1089 3383 l'ullegorin.
1101 3334 1169 3370 -om
1180 3344 1207 3363 ··

138 3398 372 3450 translatiuum
387 3397 400 3442 ὸ
415 3399 439 3442 lu
450 3398 613 3443 metatoru—
628 3412 698 3446 erc...
716 3399 916 3453 inversione;
930 3398 1208 3446 enitente-Boua·

138 3463 175 3508 Ne
190 3464 214 3508 di
229 3466 319 3520 Rusca,
333 3467 363 3512 nd
378 3467 403 3511 (11
424 3467 527 3512 Servilio
550 3468 680 3521 suppiumo
702 3468 777 3513 nullu.
798 3492 824 3500 —
847 3469 984 3524 leuem...
1003 3465 1205 3515 annulorum

137 3534 223 3587 quello
237 3548 282 3580 con
297 3537 321 3582 ln
337 3539 409 3591 quale
425 3538 445 3583 si
461 3539 631 3583 determinare
652 3537 709 3583 l'etd
729 3540 870 3584 necessarie
890 3553 937 3593 per
958 3553 1041 3585 essere
1055 3533 1205 3592 magistrat&

136 3604 202 3648 forse
217 3618 248 3648 un
263 3605 450 3653 rinnovanrento
465 3608 531 3654 dello
547 3610 587 3653 leo
606 3607 691 3654 Villio
705 3610 814 3654 annalis
829 3609 959 3655 dell'onno
973 3612 1015 3655 674
1027 3610 1030 3665 Ι
1043 3611 1087 3660 180,
1100 3594 1202 3657 loqu³¹⁰

135 3674 306 3720 determinare
314 3677 384 3732 (Lina,
393 3678 444 3732 XL,
456 3681 502 3729 14)(
516 3683 577 3734 quot
588 3691 671 3723 annos
681 3680 740 3723 reati
749 3692 878 3735 quemque
891 3680 1080 3735 magistratum
1088 3660 1201 3733 paeoni

135 3749 288 3800 commictae
301 3747 398 3799 (Soroll.
412 3772 438 3781 -κ
452 3753 639 3800 seuientem
653 3763 674 3793 v.
688 3749 707 3803 Ι,
721 3751 768 3793 249.

199 3844 273 3888 262.
294 3844 454 3903 ,sriptum
476 3848 595 3899 arcator,
616 3859 640 3889 r.
662 3847 683 3900 l,
699 3848 788 3890 2111-
803 3860 967 3895 nunninae
988 3849 1114 3899 (almum)
1134 3826 1196 3883 Μ’
