2558 4236
146 147 198 200 202
520 162 554 201 rr.
573 162 678 202 runnu
696 161 859 205 monitorem

147 267 207 353 Ego
236 286 323 344 vero,
347 268 448 353 inquit
470 269 532 345 ille,
556 269 701 354 quoniam
723 270 878 334 collectam
901 290 918 333 a
940 269 1081 347 conviva,
1104 268 1208 343 Crasse,

148 369 252 456 exigis,
277 390 338 435 non
362 370 558 447 committam,
582 383 625 447 nt,
641 371 664 435 si
681 370 860 455 defugerim,
876 390 998 437 causam
1014 372 1150 457 aliquam
1165 372 1209 436 tibi

149 471 307 538 recusandi
330 472 410 537 dem.
434 472 625 559 Quamquam
647 475 728 538 soleo
751 492 841 559 saepe
863 472 970 538 mirari
993 493 1103 540 eorum
1126 474 1211 559 impu·

149 574 295 651 dentiam,
319 575 370 658 qui
394 586 485 661 agunt
510 575 541 638 in
564 595 670 639 scaena
692 585 810 660 gestum
832 585 987 660 spectante
1011 575 1125 641 Roscio.
1147 575 1210 660 Quis

149 676 232 741 enim
255 697 320 742 sese
341 697 533 743 commorere
554 687 653 762 potest
674 677 758 742 cuins
782 678 833 743 ille
855 678 927 742 vitia
951 697 1012 743 non
1037 678 1157 745 videat?
1172 678 1209 742 Sic

149 799 204 864 eqo
226 800 317 855 nunc,
341 778 447 844 Crasso
469 779 622 855 audiente,
646 780 781 865 primum
804 781 912 865 loquar
934 779 973 847 de
995 780 1113 846 facetiis
1126 792 1154 846 et
1169 780 1209 845 do

150 881 223 946 cebo
245 902 304 959 sus,
328 893 360 947 ut
383 883 478 959 aiunt,
501 893 653 964 oratorem
675 902 756 959 eum,
780 901 872 967 quem
894 902 963 948 cum
986 881 1112 949 Catulus
1124 902 1209 968 nuper

91 1038 112 1057 ,,
151 983 293 1059 audisset,
322 984 440 1050 lenum
470 985 562 1050 alios
592 985 690 1049 aiebat
717 1004 799 1050 esse
825 996 1006 1070 oportere.
1053 985 1129 1051 Tum
1150 985 1205 1050 ille:

151 1085 315 1159 Iocabatur,
340 1087 448 1172 inqnit‚
472 1086 604 1164 Catulus,
628 1088 808 1173 praesertim
831 1107 900 1153 cum
922 1088 963 1153 ita
986 1088 1067 1153 dicat
1088 1090 1157 1174 ipse,
1179 1098 1203 1151 nt

152 1187 302 1252 ambrosia
326 1188 452 1253 alendus
474 1208 539 1254 esse
562 1189 710 1254 videatur.
732 1188 846 1275 Verum
862 1200 900 1266 te,
916 1188 1037 1265 Caesar,
1052 1189 1200 1262 audiamus,

151 1301 186 1357 nt
208 1290 245 1355 ad
269 1292 389 1356 Antonii
413 1292 531 1376 reliqua
554 1292 722 1357 redeamus.
748 1291 781 1356 Et
803 1293 967 1358 Antonius:
992 1292 1200 1379 Perpaucaqni·

152 1394 223 1460 dem
236 1394 311 1458 milri
327 1405 451 1470 restant,
468 1395 583 1479 inquit;
600 1395 652 1460 sed
670 1405 770 1460 tamen
786 1394 920 1460 defessus
935 1394 997 1461 iam
1014 1396 1117 1461 labore
1130 1406 1196 1479 atque
1226 1438 1229 1449 .

152 1498 263 1563 itinere
290 1497 504 1582 disputationis
531 1518 616 1563 meae
647 1498 833 1582 requiescam
862 1499 893 1562 in
916 1497 1054 1564 Caesaris
1082 1514 1195 1564 sermone

152 1601 237 1685 quasi
261 1600 291 1665 in
315 1601 417 1686 aliquo
440 1611 669 1686 peropportuno
691 1600 875 1666 deversorio.

195 1704 324 1769 Llllll.
353 1703 451 1787 Atqui,
475 1703 574 1789 inquit
596 1703 698 1780 lulius,
722 1723 783 1768 non
808 1703 899 1768 nimis
915 1703 1043 1770 liberale
1058 1704 1194 1791 hospitium

154 1825 257 1870 meum
287 1805 376 1870 dices.
400 1805 474 1870 Nam
497 1816 527 1871 te
550 1807 581 1870 in
604 1806 695 1880 viam,
720 1807 846 1871 simulac
874 1809 1060 1892 perpaulum
1083 1790 1202 1895 gustaris'

154 1906 314 1972 extrudam
327 1917 356 1971 ot
372 1908 488 1983 eiciam.
527 1906 574 1983 dr,
591 1928 629 1973 ne
644 1907 759 1973 diutius
775 1928 828 1972 vos
843 1908 994 1986 demorer,
1014 1910 1053 1976 de
1068 1909 1144 1975 omni
1155 1907 1194 1969 isto

154 2028 266 2093 genere
288 2010 360 2094 quid
384 2010 513 2074 sentiam
537 2010 727 2095 perbreviter
749 2030 910 2095 exponam.
933 2011 979 2078 De
1001 2012 1066 2078 risu
1087 2012 1194 2098 quinque

155 2121 235 2188 scint,
258 2132 336 2197 qnae
359 2122 564 2196 quaerantur:
591 2132 698 2187 unuin,
722 2112 794 2196 qnid
817 2112 875 2189 sit;
898 2114 1041 2190 alterum,
1064 2113 1140 2180 unde
1156 2108 1196 2181 sit;

156 2312 212 2350 urg.
226 2296 250 2340 ‹li
266 2297 362 2351 quanm
377 2297 608 2345 determinatorem
625 2295 758 2341 indefinito.
772 2320 798 2327 —
813 2297 993 2351 collectam,
1008 2298 1040 2343 de
1056 2300 1147 2354 collino,
1157 2288 1199 2351 quel

125 2402 129 2407 .
156 2367 201 2410 che
216 2367 236 2412 si
251 2368 406 2412 contribnivn
420 2366 452 2411 da
466 2367 582 2411 eieecuno
597 2366 635 2410 dci
651 2367 809 2411 commensaIi
831 2381 876 2421 per
891 2368 915 2412 la
929 2381 998 2420 cena,
1013 2368 1080 2415 detto
1095 2368 1133 2415 dai
1145 2358 1201 2412 uoci

156 2440 282 2507 συμβολή,
298 2443 344 2487 t'lr.
360 2442 436 2486 l'itnl.:
451 2441 559 2486 oolletta.
573 2465 599 2471 —
613 2441 641 2484 ei
660 2441 838 2495 desuperlm
848 2461 874 2476 =
884 2454 911 2488 se
925 2441 1043 2488 cernherd
1058 2443 1083 2488 di
1101 2430 1204 2489 sororini

90 2556 92 2563 ,
157 2519 197 2563 did
212 2519 261 2562 mio
275 2517 422 2562 eirntributo.
435 2540 461 2545 —
476 2516 732 2569 remeatremeat.
749 2516 890 2562 collectam.
900 2540 926 2548 -
943 2516 1138 2573 Quamquam
1149 2516 1159 2561 ir
1170 2506 1205 2569 qul
1226 2500 1229 2517 ⁴

156 2590 333 2642 correctivum,
349 2587 401 2631 aiod
417 2580 544 2631 introdnc‘e
563 2600 613 2630 nnn
631 2600 731 2640 propos.
747 2588 885 2632 assolutao
904 2587 1108 2643 indipendentee
1125 2600 1182 2635 serre
1192 2592 1209 2627 Ι

156 2660 209 2704 sare
223 2673 273 2703 une
287 2657 466 2710 oererrnzionr,
480 2657 524 2701 ohe
540 2657 571 2701 ho
586 2671 616 2701 nn
632 2657 716 2702 valore
732 2657 836 2702 limitato
851 2672 866 2703 o
880 2659 1021 2705 eorrettivo.
1035 2684 1061 2691 —
1076 2662 1166 2715 nouat
1178 2656 1209 2701 in

156 2743 275 2774 corrono
290 2732 425 2783 aestuem
434 2741 481 2772 non
492 2728 505 2773 o
521 2731 588 2771 terito
600 2742 611 2771 ‹
621 2729 768 2781 gestioolaro
779 2740 798 2781 ›,
808 2733 901 2783 quanto
912 2728 1037 2775 (recitare
1052 2731 1117 2777 nulle
1125 2737 1211 2777 erens)-

157 2825 182 2832 —
197 2800 324 2851 Recole·
337 2814 359 2844 r.
369 2799 442 2853 Lam.
457 2822 483 2829 —
497 2812 564 2843 seeo
583 2801 872 2845 commovere-sture
886 2814 919 2845 nn
935 2800 1092 2847 morimonto.
1106 2826 1131 2834 -
1142 2800 1213 2847 oilla

156 2893 183 2905 ω
198 2870 278 2915 ‹titotri
293 2864 333 2914 nol
347 2869 446 2923 gestire.
456 2893 481 2900 -
492 2870 582 2913 docebo
596 2882 649 2923 aare,
659 2869 724 2914 cioie:
739 2884 782 2925 eqo
796 2884 842 2915 aua
857 2872 948 2917 docebo
962 2876 1096 2918 oratorem
1109 2886 1163 2919 eom
1174 2876 1214 2915 ete.

157 2944 177 2987 ll
194 2941 323 2995 proverbio
337 2941 382 2985 elie
397 2940 439 2994 qui
455 2941 474 2985 ei
490 2940 566 2993 imita,
581 2938 593 2983 ὲ
608 2954 653 2984 cua
668 2940 823 2995 Mirreroom,
838 2946 895 2987 sott.
908 2943 986 2996 docet,
1000 2948 1073 2989 noeto
1087 2958 1103 2989 a
1116 2944 1214 2989 ditrutam

157 3015 182 3057 le
197 3012 314 3057 stoltezze
329 3011 353 3056 di
368 3011 406 3055 ehi
426 3009 545 3064 pretende
564 3010 694 3063 insegnnre
716 3025 731 3056 e
751 3011 790 3056 chi
812 3025 842 3057 ne
864 3026 892 3057 sa
911 3012 956 3067 piu
977 3012 1001 3057 di
1023 3013 1067 3059 lui.
1082 3037 1107 3047 -
1119 3015 1217 3070 senen

158 3084 250 3137 elios,
265 3081 423 3135 eteDisponi
437 3080 500 3125 cosi:
515 3081 601 3125 aiebat
617 3086 735 3135 oportere
749 3083 817 3127 alios
831 3096 886 3127 eaeo
899 3088 935 3133 (=
948 3085 1032 3135 edere)
1040 3086 1137 3140 fenum
1147 3084 1221 3135 (deno.

157 3154 217 3199 erbe
227 3153 258 3198 (lo
268 3166 371 3208 pascere
382 3151 498 3205 animali).
507 3150 583 3195 Altos
594 3164 653 3195 sono
664 3152 698 3204 gli
710 3152 766 3196 altri
777 3154 868 3198 oratori
879 3153 931 3208 ohe,
941 3154 965 3199 in
976 3168 1091 3208 parason
1099 3155 1124 3201 dl
1134 3155 1224 3209 Creten,

158 3238 216 3269 eren
232 3228 300 3268 tante
311 3223 389 3268 bestie
399 3222 431 3267 da
441 3221 572 3266 elimentur
581 3223 619 3265 eol
630 3221 700 3266 dono.

225 3316 297 3360 234.
313 3315 489 3367 ambrosia,
503 3313 558 3357 cibo
574 3312 638 3365 degli
655 3314 716 3366 Dei;
731 3316 801 3369 quasi
822 3316 867 3361 che
888 3316 977 3362 Crasso
992 3318 1122 3364 meritasse
1140 3319 1224 3365 d‘euer

158 3394 312 3441 peregrinato
327 3400 372 3441 por
381 3386 518 3440 eloquenza
532 3383 556 3427 oi
571 3382 650 3429 Numi.
666 3387 807 3432 Artabroet'a
822 3387 835 3432 le
850 3387 965 3442 dall'ngg.
979 3385 1119 3455 ἀμβροσία,
1135 3391 1224 3436 immor·

158 3466 216 3519 tulo,
230 3465 269 3509 oui
284 3465 304 3509 si
319 3463 470 3509 sottintenrle
485 3460 584 3527 ἐδωδὴ,
599 3469 661 3513 cibo.

200 3557 505 3610 commu-non
528 3556 628 3599 rrimte
648 3553 828 3598 liberale...
847 3552 1229 3603 dices-nonarrnieloderti

160 3636 250 3681 troppo
265 3626 331 3670 della
345 3626 394 3670 ntia
408 3626 536 3680 ospitaliter
550 3625 721 3674 (deversorio).
734 3647 760 3653 -
774 3623 925 3677 coeteris
938 3641 965 3659 ι-
979 3625 1049 3669 arrei
1063 3638 1140 3679 proso
1154 3626 1229 3681 unpol

160 3698 183 3742 di
201 3698 283 3751 riposo
299 3711 311 3741 e
327 3697 351 3740 di
367 3697 454 3741 lresoo.
475 3720 500 3728 —
523 3696 695 3740 celredum
717 3699 743 3739 et
768 3694 883 3737 eiciam
896 3713 923 3727 -
939 3693 958 3738 ti
974 3692 1079 3740 oeooerd
1098 3710 1146 3751 per
1161 3696 1229 3753 lom,

160 3768 250 3822 porche
265 3771 291 3811 tn
306 3768 323 3811 ti
339 3768 437 3812 rirnettn
451 3768 475 3812 in
490 3766 591 3820 viaggio
605 3764 703 3818 <segniti
719 3765 743 3808 ln
758 3764 872 3817 disputo).

223 3865 299 3910 235.
324 3864 409 3910 unde
430 3865 473 3909 eit
489 3884 514 3897 ’κ
529 3862 592 3909 ende
608 3874 690 3906 nosen.
709 3885 719 3890 --
751 3861 838 3905 sitne
859 3861 1004 3906 oratorie
1018 3881 1045 3896 -
1064 3875 1092 3908 se
1107 3876 1229 3919 conventi
