2526 4246
161 122 213 175 320
529 137 563 176 ar.
582 136 687 176 roman
706 135 868 177 amasenus

163 242 300 319 lelinm;
325 241 362 305 n'
386 262 459 307 vero
478 240 638 308 Manilium
653 261 709 307 nos
723 242 815 306 etiam
830 240 968 307 vidimus
991 250 1157 308 transverso
1169 259 1214 305 an-

163 344 320 410 lmlantem
343 345 407 410 loro
424 383 464 392 —
479 344 559 429 cuod
576 355 640 410 erat
657 345 774 431 insigne
788 364 870 422 eum,
887 344 942 430 qui
959 344 992 409 id
1007 344 1124 422 faceret,
1138 343 1215 408 lacere

161 447 278 512 civilius
294 448 355 513 snis
370 445 513 513 omnibus
528 446 644 511 consilii
662 447 708 513 sui
724 446 843 532 copiam
854 471 911 524 —;
924 446 963 512 ad
976 468 1055 533 quos
1068 446 1136 512 olim
1150 456 1176 512 et
1186 445 1216 508 ita

162 549 353 615 arnlnrlantes
376 560 405 614 et
429 550 460 613 in
484 549 559 614 solio
581 548 721 615 sedentes
738 548 820 614 domi
837 549 880 614 sic
894 549 1050 623 adibatur,
1067 569 1127 615 non
1141 550 1219 614 solum

162 661 193 716 ut
218 651 256 717 cle
280 652 345 717 iure
366 651 448 717 civili
471 650 508 716 ad
532 671 593 728 eos,
616 671 725 717 verum
747 651 840 717 etiam
856 650 896 718 de
920 651 985 718 filia
1001 651 1176 726 collocanda,
1192 649 1221 714 de

163 753 257 819 lurndo
279 754 419 830 emendo,
443 753 481 818 de
503 773 575 840 agro
597 753 733 832 colendo,
756 752 795 819 de
816 754 904 819 omni
927 755 1065 840 denique
1079 764 1129 820 aut
1142 753 1221 820 ollicic

121 899 124 903 -
163 869 214 921 aut
243 857 362 942 negotio
392 857 567 922 referretur.
624 855 702 922 llaec
730 856 786 922 luit
814 855 847 921 P.
875 855 978 922 Crassi
1012 858 1094 924 illius
1119 855 1221 931 veteris,

165 962 237 1025 llaec
258 959 301 1024 Ti.
323 959 513 1036 Coruncanii,
539 959 612 1024 haec
634 959 741 1044 proavi
763 959 869 1045 generi
892 960 967 1036 mei,
993 961 1150 1046 Scipionis,
1167 980 1223 1045 pru-

162 1062 332 1127 dentissimi
346 1062 488 1139 neminie,
500 1060 659 1147 sapientia,
672 1061 725 1148 qui
741 1081 849 1128 omnes
862 1062 1029 1148 pontifices
1043 1063 1165 1128 maximi
1177 1062 1224 1126 lue·
1238 1138 1243 1151 ἢ

163 1174 245 1240 runt,
268 1176 302 1230 ut
324 1165 361 1229 ad
384 1186 433 1229 ecs
457 1164 495 1229 de
518 1164 660 1230 omnibus
683 1164 797 1230 divinis
819 1174 912 1251 atque
929 1165 1078 1231 humanis
1094 1167 1178 1233 rebus
1189 1158 1243 1265 re]

164 1268 308 1343 ferretum
332 1267 487 1352 iidemque
502 1276 532 1332 et
548 1267 578 1330 in
604 1277 711 1334 senatu
734 1278 764 1333 et
779 1267 862 1352 apud
883 1269 1040 1354 populum
1055 1279 1087 1334 et
1101 1269 1132 1334 in
1147 1266 1224 1333 causis
1241 1346 1243 1351 Ι

163 1371 328 1436 anricomm
352 1380 382 1436 et
404 1369 488 1434 domi
510 1379 540 1435 et
558 1369 685 1435 militiae
700 1369 861 1436 consilium
877 1390 969 1435 sunm
987 1367 1144 1457 fidemque
1157 1389 1227 1457 prae

103 1476 133 1525 ’ἵ
163 1475 292 1539 stabant.
348 1472 427 1555 Quid
455 1471 539 1536 enirn
569 1471 606 1536 M.
635 1471 891 1556 Catoni-praeter
921 1473 1004 1538 hanc
1030 1474 1225 1559 politissimam

163 1576 332 1641 doctrinam
352 1574 591 1639 transmarinam
607 1584 698 1659 atque
713 1573 916 1639 adventiciam
933 1574 1053 1641 defuit?
1069 1575 1156 1654 Num,
1170 1575 1226 1660 quia

164 1681 209 1744 ius
232 1679 320 1743 civile
339 1676 494 1753 didicerat,
518 1697 621 1742 causas
643 1697 705 1742 non
729 1676 864 1742 dicebat?
887 1687 942 1743 aut
964 1678 1038 1762 quia
1060 1689 1176 1764 poterat
1194 1676 1228 1741 di·

160 1802 236 1853 cere,
262 1779 336 1844 iuris
359 1780 517 1844 scientiam
541 1779 736 1865 neglegebat?
759 1778 893 1864 Utroque
909 1779 942 1844 in
963 1799 1079 1866 genere
1094 1792 1125 1847 et
1145 1779 1227 1847 elabo

162 1883 240 1946 ravit
252 1891 281 1945 et
296 1881 455 1966 praestitit.
469 1881 548 1946 Num
559 1893 686 1967 propter
699 1882 777 1947 hanc
789 1879 1031 1967 exprivatorum
1044 1884 1168 1968 negotiis
1181 1882 1226 1947 ocl-

160 1987 268 2050 lectam
290 1985 418 2070 gratiam
442 1983 557 2049 tardior
580 1984 611 2048 in
635 1984 810 2069 republica
836 1984 1024 2070 capessenda
1047 1986 1123 2051 suit?
1145 1984 1225 2050 Nemo

162 2234 179 2286 l,
195 2235 241 2276 tos.
255 2255 281 2262 —
298 2230 369 2278 Μ’...
387 2229 575 2281 Maniliana·
589 2227 607 2275 Ι.
621 2228 668 2272 212.
681 2251 704 2258 -
719 2231 948 2274 transuerso...
963 2223 1222 2283 scro=suegilpel

161 2304 222 2347 foro.
236 2301 292 2346 Cosl
307 2301 314 2344 i
329 2299 372 2355 piu
388 2300 425 2344 cle'
440 2297 633 2344 cornrnentatori.
643 2296 663 2340 Il
674 2297 744 2342 Cima
754 2297 901 2350 interpetra:
918 2297 967 2342 <di
982 2302 1096 2345 traverso
1110 2297 1222 2354 pellere)

161 2389 176 2417 o
191 2373 322 2417 ‹liffereuza
339 2371 362 2415 di
383 2371 429 2424 chi,
448 2367 658 2423 prosseggiandovi
677 2382 724 2422 per
742 2367 849 2421 diporto,
867 2368 972 2421 seguiva
992 2369 1018 2414 la
1037 2369 1158 2415 direzicne
1171 2365 1219 2412 della

166 2444 217 2488 Vr'a
231 2443 317 2487 Sacra
331 2456 345 2486 o
361 2442 424 2485 delle
440 2441 572 2484 tabernae.
586 2461 612 2468 —
626 2438 754 2493 tusique
764 2456 790 2474 =
804 2451 888 2491 scano.
902 2461 930 2470 -
942 2439 1094 2494 faeere...
1108 2433 1221 2486 consilli

160 2516 213 2559 sul
231 2515 356 2568 copiam
369 2532 395 2549 =
411 2526 479 2557 assor
492 2513 582 2565 pronto
598 2523 612 2553 a
625 2508 764 2554 soddistare
775 2509 824 2554 alle
835 2509 965 2554 domando.
974 2534 1002 2542 —
1017 2512 1051 2556 iu
1065 2512 1158 2564 aetia·
1168 2523 1186 2552 r.
1197 2504 1219 2557 Π,

161 2589 207 2640 143,
221 2589 268 2630 226.
282 2609 308 2616 —
329 2597 390 2629 uon
410 2584 516 2628 soturu
537 2584 608 2627 ut...
631 2580 823 2634 referretur.
838 2579 881 2625 Cio
896 2579 941 2624 che
957 2581 1001 2635 qui
1018 2581 1038 2627 si
1053 2581 1119 2636 dlce‚
1133 2581 1145 2626 ὲ
1160 2586 1218 2630 cegat

161 2657 185 2700 cli
201 2657 244 2709 piu
259 2669 330 2700 cose:
345 2655 369 2698 di
384 2655 512 2707 reciproca
523 2652 613 2696 fiducia
628 2655 666 2695 tra
677 2651 799 2706 oittadini‚
809 2650 833 2694 di
842 2651 948 2705 rispetto
959 2651 999 2697 de’
1009 2666 1081 2698 meno
1096 2651 1152 2698 cclti
1163 2658 1218 2694 rersc

162 2728 168 2770 l
183 2726 226 2779 plia
242 2726 300 2770 colti
316 2739 328 2769 e
344 2724 481 2769 autorevoli
497 2723 641 2777 cittaclini‚e
652 2721 677 2766 di
687 2721 991 2775 famigliaritacasalinga
1006 2723 1046 2769 fra
1056 2717 1218 2778 conpassione

77 2791 80 2794 ’
161 2812 175 2840 a
190 2809 292 2841 nascere
308 2809 321 2838 o
336 2809 351 2838 a
365 2794 520 2838 conservarsi
535 2792 634 2847 quando
650 2806 710 2837 eran
725 2804 788 2846 poco
803 2792 867 2838 rasti
882 2806 896 2837 e
910 2792 936 2837 la
951 2792 1014 2838 eittd
1029 2808 1042 2839 a
1061 2793 1085 2839 lc
1099 2793 1169 2839 State.

228 2905 298 2948 134.
313 2903 344 2948 H
346 2916 435 2949 aec...
453 2903 567 2950 haec...
585 2903 668 2947 leaeo.
682 2901 747 2946 Nota
761 2900 898 2951 l'asindeto,
913 2915 926 2946 e
941 2902 1052 2948 traduci:
1071 2903 1186 2949 Tanta...
1199 2918 1218 2927 ‘

160 2978 190 3023 Ρ.
208 2976 330 3022 Crassi.
349 2960 368 3019 d
388 2974 405 3018 il
425 2974 513 3018 Crasso
533 2974 577 3019 che
597 2973 623 3017 t'u
643 2973 742 3017 console
761 2973 883 3017 nell'aaao
902 2974 943 3016 549
955 2972 959 3023 l
971 2975 1012 3018 205
1027 2986 1074 3019 con
1092 2972 1196 3028 Scipione
1206 2965 1219 3009 il

161 3048 295 3102 rrraggioro.
305 3071 330 3078 -
347 3046 559 3097 Ocruuaaur'c':
574 3048 585 3096 ξ
599 3047 632 3088 56.
643 3066 668 3075 -
678 3043 853 3098 Scipionis.
866 3027 886 3088 d
898 3042 988 3088 Publio
999 3043 1115 3090 Cornelio
1124 3040 1221 3096 Scipione

160 3121 258 3173 Nasica,
277 3119 344 3163 detto
369 3117 515 3169 Corculum,
532 3115 576 3160 che
598 3116 623 3158 fu
646 3114 693 3158 nuo
712 3115 778 3158 volte
800 3113 900 3159 console
919 3126 932 3157 e
951 3127 1045 3166 genero
1065 3112 1221 3160 dall’Afriaane

161 3192 295 3245 maggiorc.
309 3214 335 3220 —
346 3190 448 3244 sideru
462 3187 689 3243 praestabant.
705 3184 801 3230 Fides
820 3184 852 3229 ha
866 3184 883 3228 il
899 3183 1039 3237 significato
1050 3186 1089 3231 di:
1104 3181 1224 3241 appoaaio·

160 3263 241 3307 ‹lifosa
255 3262 309 3315 (che
324 3262 346 3305 oi
361 3261 432 3306 viene
448 3259 515 3303 dalla
529 3258 622 3302 fedelta
637 3256 734 3310 altrui);
750 3269 762 3300 e
773 3259 923 3312 praestare,
933 3269 1002 3300 esser
1011 3260 1102 3310 prante
1116 3271 1131 3302 a
1144 3255 1203 3300 dare.

229 3371 299 3413 135.
318 3368 446 3421 Oatcuc';
468 3368 486 3419 l,
502 3366 683 3410 tlt—lcauc
705 3365 985 3419 politissimam...
1009 3363 1225 3419 adventiciam.

160 3440 278 3484 Cicerone
294 3439 391 3483 chiama
405 3437 456 3481 cosl
472 3439 496 3481 la
511 3437 625 3488 rotarios,
638 3435 738 3489 perche,
751 3435 832 3489 prima
847 3435 870 3479 di
886 3435 929 3487 lui,
942 3434 992 3480 ben
1007 3435 1084 3488 pochi
1100 3448 1129 3480 ae
1144 3442 1224 3479 areton

161 3509 218 3553 date
233 3509 298 3553 delle
313 3520 412 3561 norme3
428 3520 473 3560 per
489 3506 505 3550 il
521 3506 565 3551 che
581 3520 596 3550 a
610 3505 689 3549 Roma
704 3519 747 3550 era
761 3520 811 3549 una
825 3503 957 3558 disciplina
972 3517 1054 3550 nuova
1070 3517 1084 3549 e
1103 3502 1226 3550 forestiera.

161 3578 254 3623 Catone
271 3591 349 3622 avora
363 3577 470 3621 tuttavia
485 3577 573 3622 dettati
588 3591 633 3630 por
655 3576 672 3619 il
692 3576 785 3629 figliolo
807 3589 851 3620 suo
873 3575 980 3629 precetti
993 3575 1103 3629 retorici,
1115 3575 1152 3621 nei
1168 3569 1224 3628 quali

160 3647 213 3693 coel
228 3647 335 3691 definiva
350 3647 475 3691 l'oratore:
491 3651 583 3692 orator
597 3651 671 3693 est...
690 3648 731 3691 cir
747 3648 828 3691 bertus
847 3646 950 3690 dicendi
961 3647 1074 3701 peritus.
1088 3646 1116 3691 In
1131 3644 1176 3692 essi
1191 3653 1225 3687 ere

160 3719 226 3763 forse
243 3719 266 3761 la
282 3721 407 3762 sentenza:
422 3730 479 3761 reru
494 3721 557 3767 tene,
573 3719 652 3762 cerba
666 3721 815 3772 sequeretur.
834 3740 859 3748 -
875 3717 1053 3771 praestitit
1072 3716 1086 3761 ὸ
1105 3717 1144 3762 nel
1162 3712 1226 3768 signi·

158 3789 233 3834 ficato
249 3786 382 3840 originario
398 3799 410 3829 e
425 3787 465 3830 val
480 3791 573 3840 quanto
585 3785 848 3841 praeoccupaverat)
864 3787 898 3839 gli
914 3786 979 3842 altri,
993 3786 1020 3832 lu
1034 3786 1088 3832 loro
1103 3785 1226 3840 superiore.

148 3886 176 3894 —-
191 3861 327 3910 tardior
341 3877 368 3896 =
381 3871 447 3915 poco
463 3858 569 3905 zelante.
583 3881 608 3888 -
630 3857 662 3902 ta
683 3857 857 3911 republica
878 3858 1085 3910 capessenda.
1106 3849 1227 3904 Porcellinl
