2526 4246
149 143 184 196 60
511 154 544 194 ιι.
564 154 668 194 runnu
687 153 850 196 amaneum

150 259 335 337 desiderans,
357 281 374 324 a
396 279 455 346 qua
477 257 542 345 ipse
564 260 653 345 longe
674 258 790 336 absum,
812 258 887 324 facio
901 258 1109 344 impudenter;
1133 258 1211 324 mihi

151 357 308 422 enimvolo
323 356 444 443 ignosci,
456 356 638 441 oeterisipse
648 376 709 424 non
724 356 851 442 ignosco.
874 355 1014 442 Numqui
1029 375 1091 421 non
1105 360 1212 443 potest,

150 454 203 538 qui
214 453 321 519 vitiose
335 453 413 531 facit,
426 460 517 539 quem
529 452 661 537 denique
682 473 743 517 non
765 453 858 531 deuel,
883 453 971 531 huno,
984 462 1018 519 ut
1039 452 1213 540 Apollonius

150 552 282 629 iubebat,
305 551 342 616 ad
363 551 394 616 id
417 552 497 637 quod
520 551 617 617 lasere
639 552 742 637 possit,
766 551 990 618 detrudendum
1011 561 1095 638 puto.

75 644 120 698 131
192 649 330 716 XXIX.
342 648 420 716 Num
434 659 465 715 to
477 649 577 734 igitur,
590 648 690 734 inquit
702 648 862 734 Sulpicius,
874 669 924 714 me
938 659 991 715 aut
1002 649 1086 715 huno
1099 648 1213 715 Cottam

150 747 197 813 ius
219 747 307 812 civile
329 756 381 813 aut
403 767 469 812 rem
491 746 656 812 militarem
671 745 757 812 iubes
774 746 907 812 discere?
931 745 1006 811 Nam
1024 746 1094 832 quis
1108 747 1147 812 ad
1162 745 1214 812 ista

150 864 269 910 summa
291 854 381 930 atquo
397 843 428 908 in
444 843 529 910 omni
543 863 655 930 genere
669 843 799 928 perlecta
815 853 914 930 potest
933 843 1117 929 pervenire?
1139 843 1214 911 lum

150 939 217 1005 ille:
242 941 300 1028 Ego
322 961 404 1019 voro,
428 941 536 1026 inquit,
560 940 641 1026 quod
664 940 695 1005 in
718 941 805 1006 vobis
827 941 977 1027 egregiam
1000 939 1157 1027 quandam
1185 961 1215 1006 ae

75 1070 85 1097 ι
149 1040 337 1122 praeclaram
359 1037 495 1103 indolem
517 1037 555 1104 ad
577 1037 739 1105 dicendum
762 1058 827 1103 esse
848 1037 984 1124 cognovi,
1011 1037 1122 1104 idcireo
1145 1039 1215 1104 haot

150 1135 274 1221 exposui
291 1135 407 1215 omnia;
420 1156 476 1201 neo
487 1136 581 1221 magis
596 1134 635 1200 ad
649 1156 700 1201 eos
715 1135 921 1213 deterrendos,
938 1135 991 1221 qui
1005 1155 1068 1213 non
1083 1147 1215 1222 possent,

150 1253 240 1318 quam
257 1232 294 1297 ad
310 1253 373 1310 vos,
389 1234 441 1317 qui
456 1233 592 1317 possetis,
609 1233 796 1299 exacuendos
811 1231 1033 1298 aooommodavi
1047 1232 1215 1299 orationem

148 1350 307 1407 meam3e
308 1339 538 1415 tquamquam
553 1331 585 1395 in
604 1339 638 1396 ut
640 1351 733 1415 roqoe
755 1339 821 1396 vest
822 1350 891 1396 rom
909 1349 1065 1396 summum
1087 1351 1154 1397 esse
1175 1330 1217 1411 in·¹

149 1427 274 1515 genium
296 1426 492 1516 studiumque
506 1427 658 1514 perspexi,
676 1437 776 1494 tamen
794 1428 876 1505 haec,
893 1438 1057 1512 quaesunt
1071 1428 1104 1493 in
1120 1427 1216 1514 speeie

150 1525 255 1610 posita,
216 1525 317 1591 tde
339 1525 449 1610 quibus
471 1527 560 1610 plura
582 1525 708 1590 fortasse
730 1523 803 1601 dixi,
827 1545 919 1610 quam
940 1526 1040 1591 solent
1055 1523 1161 1592 Graeci
1176 1523 1217 1591 (Ιί-Ι

74 1624 123 1679 132
149 1644 227 1701 cere,
243 1623 275 1688 in
288 1633 327 1699 te,
341 1622 464 1707 Sulpici,
478 1622 582 1688 divina
594 1633 673 1689 sunt.
719 1623 777 1711 Ego
792 1621 875 1688 enim
891 1621 1048 1688 neminem
1064 1642 1121 1688 neo
1134 1633 1216 1689 motu

149 1722 283 1807 eorporis
306 1741 405 1806 neque
427 1720 492 1804 ipso
521 1719 626 1786 habitu
656 1730 747 1805 atque
774 1720 871 1786 forma
897 1720 1045 1805 aptiorem
1069 1741 1126 1786 neo
1147 1740 1217 1786 roos

149 1818 321 1904 pleniorem
344 1827 395 1882 aut
417 1817 589 1883 suaviorem
612 1816 688 1897 mihi
711 1817 817 1882 videor
832 1816 965 1894 audisse3
981 1821 1060 1903 quae
1075 1810 1216 1902 quihus'a‘

150 1927 259 1981 natura
280 1915 400 1980 minora
422 1913 491 1979 data
513 1925 592 1992 sunt,
616 1925 718 1980 tamen
735 1915 811 1981 illud
831 1915 954 2000 adsequi
969 1926 1107 2001 possunt,
1124 1917 1215 1992 otiis,

150 2033 227 2098 quae
257 2011 381 2088 hahent,
408 2011 525 2078 modice
546 2022 577 2077 et
598 2011 728 2078 scienter
750 2021 874 2078 utantur
896 2021 926 2077 et
947 2021 981 2078 ut
1003 2031 1043 2077 ne
1065 2012 1215 2078 dedeceat.

149 2109 182 2175 ld
203 2110 287 2176 enim
310 2119 354 2175 est
375 2110 509 2175 maxime
530 2109 690 2174 vitandum
712 2121 742 2175 et
763 2108 801 2174 de
825 2109 880 2174 hoo
899 2129 960 2174 uno
974 2109 1105 2175 minime
1120 2109 1166 2176 est
1180 2111 1218 2175 la-

149 2210 206 2274 tile
227 2207 403 2294 praecipere
425 2227 487 2272 non
510 2206 587 2271 milri
611 2206 710 2284 modo,
734 2206 786 2290 qui
808 2207 883 2272 sicut
897 2227 977 2272 unus
998 2207 1218 2292 paterfamilias

150 2308 198 2372 his
220 2306 258 2372 de
280 2305 371 2372 rebus
392 2307 511 2390 loquor,
535 2304 587 2368 sed
610 2303 702 2368 etiam
724 2304 782 2388 ipsr
804 2303 849 2367 illi
877 2303 990 2380 Roscio,
1014 2324 1106 2389 quem
1129 2306 1218 2392 saepe

149 2405 239 2471 audio
260 2403 360 2468 dicere
382 2412 471 2488 eaput
492 2422 557 2467 esse
579 2402 653 2466 artis
678 2401 800 2479 decere3
828 2401 908 2486 quod
931 2412 1033 2466 tamen
1060 2423 1158 2469 unum
1188 2402 1218 2467 id

74 2516 124 2571 133
150 2522 224 2577 osse,
248 2500 328 2585 quod
351 2500 429 2565 tradi
452 2510 516 2564 arte
539 2518 601 2563 non
623 2498 725 2583 possit
771 2497 840 2569 Sed
863 2497 887 2562 si
910 2499 1017 2583 placet,
1045 2519 1217 2584 sermonem

150 2600 209 2663 alio
233 2598 450 2663 transieramus
472 2608 503 2661 et
529 2605 631 2661 nostro
658 2615 743 2660 moro
770 2594 944 2681 aliquando,
971 2615 1033 2661 non
1056 2580 1217 2675 rhetorico,

150 2698 321 2781 loquamur.

314 2842 319 2846 .
329 2837 455 2845 ...—.--——

151 2911 281 2956 absolutio
292 2908 331 2954 eil
341 2906 491 2962 completura
504 2907 622 2960 un'opora
631 2905 735 2960 rispetto
745 2906 795 2951 alla
804 2904 929 2960 quantitd3
941 2906 1066 2962 perfectio
1080 2906 1093 2951 ὸ
1108 2907 1126 2951 il
1140 2906 1218 2952 flnirltt

151 2982 256 3036 rispetto
276 2980 326 3026 alla
346 2978 448 3033 qualite.
468 3000 495 3009 -
516 2978 584 3032 ipse
606 2998 633 3012 -
653 2979 677 3022 io
697 2991 744 3032 per
764 2992 810 3022 mo.
830 3001 856 3010 -
878 2978 933 3032 qui
949 2990 1010 3021 non
1026 2981 1149 3032 potest,
1166 2977 1218 3033 qui

152 3053 267 3098 vitiose
281 3050 379 3104 sarit,
397 3061 487 3102 quem
505 3048 641 3102 denique
660 3061 721 3092 non
740 3049 840 3101 decan
852 3059 952 3101 propos.
966 3046 1090 3099 disginnte
1100 3047 1218 3102 perosin-

152 3123 222 3176 doto,
235 3134 320 3176 quem.
329 3156 348 3167 ..
359 3132 412 3164 non
428 3120 498 3163 donet
510 3137 538 3153 -
551 3118 590 3162 ehi
605 3118 625 3163 si
640 3118 767 3163 rioonosoe
781 3132 830 3163 non
843 3117 906 3163 fatto
920 3131 965 3171 per
978 3131 1028 3161 una
1042 3117 1101 3162 data
1115 3132 1179 3164 oosa.
1242 3148 1244 3153 ,

193 3211 267 3263 Gap.
282 3208 406 3252 XXIX.
420 3229 446 3237 -
460 3208 526 3251 181.
542 3207 583 3250 ad
596 3207 662 3251 ista
676 3219 799 3250 sumnia
813 3226 841 3240 -
855 3219 870 3250 n
879 3208 973 3250 cotesto
983 3208 1026 3250 tua
1035 3206 1180 3251 eooellonna.
1192 3227 1217 3236 -

152 3280 215 3335 Ideo
231 3292 336 3326 voro...
350 3278 432 3333 quod
445 3275 836 3330 -loanzi‚opp11ntoperche...
854 3299 880 3308 -
901 3275 1098 3320 admouendus
1113 3296 1140 3310 -
1157 3276 1217 3320 suoi·

151 3352 254 3397 tondes.
269 3373 294 3381 —
316 3362 395 3404 quae
415 3350 491 3392 sunl
512 3346 544 3389 in
565 3347 670 3401 speeie
689 3348 798 3402 posita
818 3367 844 3380 -
859 3346 903 3389 olio
919 3344 1067 3396 niguardano
1086 3360 1136 3391 una
1154 3345 1216 3391 odtal

152 3421 232 3466 forma
248 3419 371 3474 dignitoss
388 3417 428 3462 del
444 3428 527 3470 oorpo,
544 3429 612 3462 aomo
629 3416 738 3471 l'azione,
751 3417 776 3460 la
789 3429 859 3469 vose,
871 3416 888 3459 il
904 3415 1007 3460 moversi
1023 3429 1035 3459 o
1050 3415 1067 3459 il
1082 3416 1218 3461 ooniormar

152 3494 218 3536 tutto
232 3491 257 3535 la
270 3503 384 3544 persone.

206 3599 277 3642 18⁶2.
297 3608 376 3650 quae
399 3593 515 3648 nasibus
538 3603 646 3645 -quoa
664 3590 685 3633 li
703 3589 806 3643 quibos.
824 3611 849 3618 -
864 3587 984 3631 modice
1001 3606 1028 3620 ι-
1046 3588 1216 3632 moderato-

154 3678 200 3710 con
214 3664 314 3709 misuro.
329 3676 344 3706 a
358 3657 463 3705 modino.
477 3682 502 3689 -
517 3671 599 3703 unus
618 3655 872 3711 paterfamilias
885 3674 912 3687 -
927 3651 1038 3697 un·buon
1052 3653 1130 3706 padre
1144 3651 1168 3697 di
1182 3650 1216 3695 lu-

153 3730 248 3783 miglis,
261 3728 377 3782 semplioo
393 3740 406 3770 o
421 3726 472 3769 alla
485 3723 574 3768 buono.
584 3745 609 3754 -
620 3724 727 3776 capnt,
742 3722 819 3773 punto
830 3716 977 3772 ossenzial03
989 3730 1011 3760 v.
1021 3719 1033 3766 9
1043 3719 1086 3761 150.
1097 3740 1121 3748 -
1129 3714 1218 3761 tradi

154 3801 225 3841 arte
239 3815 266 3828 =
279 3792 415 3846 insegnarsi
431 3804 477 3844 per
491 3802 572 3834 mezzo
587 3788 704 3840 doll'urlo,
720 3800 764 3830 eon
779 3784 890 3839 prooetti.
