2526 4246
221 132 316 172 aanvr
333 131 414 172 narn
432 128 579 172 cancrena
598 131 638 170 nr.
655 131 747 172 rnsno
765 131 826 171 nnn
842 131 938 174 anano
955 132 968 172 1
1095 117 1129 171 15

111 234 127 305 ξ
146 235 187 290 42,
206 237 277 289 nihil
294 237 365 290 seire
381 235 575 290 convincentes.
595 235 668 289 Nota
685 235 788 290 l'Earle
807 236 859 302 (op.
877 236 932 301 cit.)
952 234 1130 289 chel’ultima

59 322 156 386 parola
173 322 200 374 di
218 327 313 385 questo
331 321 412 388 luogo
429 319 500 388 (che,
518 321 633 373 secondo
659 321 729 374 altre
749 320 872 387 ediciam,
891 320 906 374 ὸ
930 318 1129 385 convincetent)
1208 382 1211 391 Ι
1236 314 1239 321 ’

59 423 113 461 non
131 407 147 460 e
164 407 193 459 in
210 405 318 460 intretto
336 405 441 474 legame
459 420 509 459 con
525 405 552 457 le
570 405 664 470 parole
682 404 847 470 precedenti.
865 405 925 459 Non
945 406 959 459 ὸ
978 405 1022 469 poi
1037 405 1131 474 legato

59 491 95 546 ad
111 494 241 559 nrpecent
263 506 313 545 con
335 504 453 544 nessuna
479 489 634 553 copulativa
652 505 667 544 e
685 490 787 545 trovasi
803 491 912 556 propria
934 489 964 543 in
977 488 1031 544 fine
1055 489 1129 543 della

58 578 139 630 irase.
158 576 213 629 Noi
230 575 255 627 ei
273 578 482 636 aspetteremmo
520 575 548 627 in
568 574 607 628 tal
631 574 711 642 luogo
736 590 789 628 non
807 590 861 628 nna
877 573 964 628 forma
981 573 1068 642 finita,
1084 589 1131 626 ma

59 679 96 716 un
113 658 268 726 participio,
286 659 345 726 che,
364 675 413 724 per
430 659 543 725 l’Earle,
561 660 576 712 ὸ
595 659 790 713 convincentes.

110 744 125 814 ξ
143 744 185 799 55.
204 744 305 811 Itoana
322 749 420 798 ceteros
438 743 520 797 libros
538 744 610 796 artis
627 741 860 812 snae[pnempne]
872 743 990 804 nomine,
1008 743 1057 797 hos
1075 749 1130 806 etc.
1228 806 1232 813 ¹

60 831 191 883 Cicerone
208 829 238 882 in
256 835 351 893 questo
369 828 449 895 luogo
467 829 555 882 intese
573 827 640 894 dire,
658 834 722 882 nota
739 829 850 891 l’Earle‚
870 829 929 893 che,
946 835 1051 882 mentre
1062 827 1130 881 Ari-

61 916 159 968 stotele
179 929 195 966 e
213 912 353 967 Teofrasto
372 912 482 967 diedero
495 913 550 981 agli
563 913 626 966 altri
639 913 696 967 loro
709 913 773 985 libri
790 913 862 967 titali
874 913 1005 973 indicanti
1016 912 1129 977 speciali

60 1000 184 1053 divisioni
204 1014 220 1052 o
235 997 378 1062 discipline
394 999 487 1064 (artes)
503 997 531 1051 di
548 999 591 1051 eni
602 998 630 1051 le
642 1014 723 1061 opere
736 1003 954 1062 separatamente
966 1003 1130 1064 trattavano,

59 1083 201 1137 indicaron
218 1083 264 1147 poi
282 1084 291 1135 i
309 1082 365 1136 loro
383 1083 491 1136 trattati
509 1082 535 1135 di
551 1083 669 1137 oratoria
679 1083 721 1137 col
733 1082 811 1137 titolo
824 1083 949 1151 generice
962 1082 990 1136 di
1001 1081 1129 1150 parapanda

58 1169 130 1234 (libri
149 1167 279 1229 oratorii).
297 1168 344 1221 Ma
361 1182 442 1220 senza
457 1167 484 1221 la
502 1167 597 1230 parole
616 1182 772 1235 «paemene
789 1182 805 1217 ›
823 1168 874 1221 che
892 1166 964 1222 forse
982 1167 1052 1222 ando
1064 1182 1130 1232 per-

60 1253 133 1321 duta,
151 1253 174 1306 il
193 1258 317 1306 coneetto
335 1251 363 1304 di
378 1250 507 1306 Cicerone
525 1268 579 1304 non
596 1252 711 1305 sarebbe
729 1252 833 1306 chiano.
961 1323 964 1327 Ι

108 1335 125 1406 §
143 1336 187 1391 57.
206 1336 256 1404 gni
271 1353 346 1390 nnnc
363 1336 463 1390 aedilis
480 1337 586 1390 cnrnln's
598 1341 642 1411 est
655 1342 680 1390 et
687 1337 819 1404 profecta,
834 1336 892 1390 nisi
904 1337 985 1391 ladas
996 1353 1072 1392 nnnc
1080 1337 1129 1404 fa-

59 1428 136 1484 ceret,
153 1421 220 1475 hnic
237 1427 330 1474 nostro
352 1421 470 1474 sernonn'
495 1421 644 1486 interesset,
664 1437 697 1475 ac
714 1421 772 1474 ian
794 1427 853 1475 tnta
871 1426 930 1475 erat
931 1460 972 1477 .....
990 1422 1034 1476 Ηο
1051 1423 1131 1486 posto
1232 1426 1235 1431 '

58 1508 163 1574 virgola
181 1506 311 1569 semplice
329 1506 398 1570 dopo
416 1506 557 1559 interesset
574 1522 589 1560 e
606 1518 661 1559 non
677 1505 699 1558 il
724 1511 808 1570 punto
826 1521 841 1560 e
859 1506 964 1575 virgola
981 1505 1129 1571 adoperato

59 1594 158 1653 sinora.
170 1590 283 1658 perche,
294 1607 368 1645 come
377 1590 559 1658 giustamente
571 1592 657 1644 scrire
665 1590 778 1656 l'Earle‚
789 1607 823 1644 ac
833 1590 891 1644 ian
901 1595 961 1644 tnnc
972 1596 1031 1644 erat
1043 1591 1130 1646 costi-

59 1678 146 1730 tnisce
164 1676 186 1729 il
205 1675 233 1724 2⁰
252 1676 370 1729 membro
388 1674 461 1729 della
479 1677 649 1738 espressione
673 1675 790 1729 relativa
808 1676 986 1730 cominciante
1004 1691 1055 1730 con
1071 1677 1128 1744 qni.
1231 1728 1234 1733 .

60 1761 178 1814 L’Earle
188 1758 250 1813 anni
260 1760 394 1826 aggiunge
406 1761 456 1813 che
469 1761 603 1814 l'assenza
615 1759 643 1813 di
655 1761 785 1824 qualsiasi
797 1776 880 1828 regno
895 1759 1130 1827 d’interpnnzione

40 1846 132 1900 0f0rse
152 1845 280 1899 atarebbe
298 1845 386 1898 anche
403 1846 509 1912 meglio,

110 1929 186 2000 §58
206 1930 239 1984 dc
260 1931 364 1999 lepitns
384 1917 503 1994 tnendn's,
522 1945 538 1984 e
558 1946 612 1984 non
634 1930 791 1995 altrimenti,
810 1930 880 1985 sulla
900 1929 963 1986 fede
981 1931 1026 1986 dei
1043 1931 1129 1986 codici

60 2016 185 2083 mighem,
202 2019 275 2069 tutto
293 2015 343 2069 che
361 2016 402 2069 sia
417 2017 539 2068 maniera
557 2015 584 2068 di
602 2015 719 2069 scrivere
735 2016 854 2071 insolita.
866 2017 913 2069 Ma
930 2017 957 2070 la
970 2022 1131 2084 congettura

60 2100 93 2153 de
104 2100 244 2154 conventis
260 2098 305 2153 del
323 2099 401 2154 Sorof
417 2115 432 2154 e
450 2100 543 2165 quella
560 2100 593 2152 de
609 2100 747 2154 institntis
763 2101 914 2155 dell’Adler
930 2118 985 2156 non
1001 2103 1038 2154 mi
1056 2118 1128 2157 sem-

60 2181 144 2234 brano
161 2181 215 2234 ben
233 2178 352 2234 ionmte.

109 2262 126 2333 ξ
143 2264 186 2317 65.
204 2264 429 2331 lenocinantes,
448 2281 463 2319 a
480 2280 536 2318 non
552 2280 599 2317 eae
617 2263 690 2319 della
710 2266 828 2333 vulgata,
846 2266 956 2332 perche,
974 2249 1089 2323 secondo
1107 2267 1129 2320 il

60 2349 204 2404 Friedrich
220 2349 273 2416 (op.
292 2349 346 2415 cit,
364 2364 425 2418 pag.
443 2347 615 2414 20)1’hann0
633 2350 643 2402 i
660 2350 736 2403 codd.
755 2350 782 2402 H
800 2349 833 2404 ed
850 2351 912 2403 ΕΙΙ.

107 2432 123 2502 ξ
140 2431 183 2486 66.
198 2439 224 2486 te
242 2433 376 2486 hominene
390 2433 640 2500 prndente'ssn'nnnnn
650 2450 664 2488 e
676 2450 730 2488 non
747 2439 896 2502 tegnaecc.
910 2434 999 2502 Seguo
1015 2435 1036 2488 il
1048 2435 1129 2509 Friess

63 2517 137 2572 drich
145 2518 197 2582 (op.
210 2519 266 2585 eit,
277 2533 338 2584 pag.
345 2516 399 2586 20),
409 2518 429 2571 il
442 2518 523 2583 quale
535 2518 621 2572 scrive
636 2519 686 2572 che
696 2520 724 2571 la
732 2520 836 2574 lenione
849 2525 924 2586 tenne
933 2519 1067 2573 hominnm
1076 2529 1129 2574 etc.

62 2603 170 2657 l’hanno
182 2602 263 2667 pochi
275 2602 360 2655 codici
371 2618 433 2655 men
442 2602 535 2668 buoni,
547 2618 561 2655 e
575 2603 625 2655 che
639 2604 666 2656 la
677 2603 783 2658 lenione
795 2608 876 2672 atpne
887 2604 1021 2658 honainen
1033 2620 1085 2659 non
1098 2620 1130 2658 sa

63 2686 129 2742 onde
146 2689 188 2743 aia
205 2692 279 2742 stata
295 2688 416 2742 ricavata
428 2686 474 2742 dal
487 2688 608 2755 Kayser3
626 2687 741 2742 laddove
758 2690 787 2743 la
804 2690 908 2744 lenione
925 2694 951 2742 te
969 2691 1128 2744 nerninem...

64 2772 78 2827 ὲ
93 2773 121 2826 di
139 2773 217 2837 quasi
227 2772 294 2826 tutti
309 2771 320 2824 i
338 2771 431 2839 codici,
446 2773 490 2826 del
502 2772 591 2827 Nonio
604 2788 619 2826 e
631 2774 718 2826 anche
736 2774 808 2828 delle
824 2773 939 2828 edizioni
951 2775 998 2838 pih
1009 2775 1128 2830 antiche.

10 2870 12 2877 ·
109 2855 125 2927 ξ
143 2856 185 2910 81.
203 2857 253 2910 sed
265 2857 412 2925 palestrae,
427 2857 544 2912 secondo
557 2857 642 2911 codici
661 2860 813 2913 autorevoli
831 2875 846 2913 e
865 2859 892 2912 la
909 2859 1032 2927 volgata3
1046 2875 1060 2913 e
1075 2876 1128 2914 non

64 2943 104 3009 gil
121 2949 147 2996 et
159 2943 309 3010 palestrae.

110 3026 125 3096 ξ
143 3027 184 3080 85.
204 3026 359 3080 moderatae
376 3043 432 3081 esse
453 3043 510 3080 non
529 3033 652 3094 possent.
665 3028 690 3080 Il
707 3028 850 3081 Friedrich
867 3029 919 3092 (op.
938 3029 991 3096 eit,
1006 3045 1067 3097 pag.
1085 3029 1130 3096 21)

65 3110 88 3165 la
103 3113 211 3165 chiama
229 3111 335 3180 eprepia
352 3110 430 3165 lectio
447 3127 461 3166 e
480 3113 614 3181 aggiunge
633 3113 683 3166 che
696 3113 805 3167 sembra
817 3113 918 3166 l'abbia
937 3122 1095 3169 conservata
1107 3116 1127 3169 il

65 3197 115 3249 nlo
133 3195 227 3249 codice
245 3195 279 3249 H.
299 3195 372 3248 Altri
397 3202 559 3250 moratae.

109 3279 125 3350 ξ
142 3279 185 3332 91.
206 3279 328 3348 Qnornm
344 3280 461 3334 alternae
479 3297 533 3350 epo.
552 3281 704 3335 P1·eferisco
717 3290 814 3346 questa
832 3282 1019 3347 collocanione‚
1037 3285 1088 3338 che
1107 3285 1126 3337 il

64 3362 201 3419 Friedrich
216 3365 269 3431 (op.
287 3365 340 3431 cit,
351 3380 410 3434 pag.
429 3365 473 3431 22)
487 3367 594 3420 chiama
612 3366 736 3433 semplice
754 3383 767 3419 e
784 3383 856 3432 nera,
874 3366 928 3420 alle
947 3367 1029 3420 altre:
1051 3368 1126 3437 ρηο-

25 3472 28 3477 ·
63 3462 120 3501 rnna
137 3465 184 3518 epo
202 3449 327 3518 alannae,
344 3464 459 3518 pnornm
476 3466 522 3518 epo
540 3451 584 3504 illi
599 3451 682 3517 facile
700 3451 825 3516 alternat,
843 3467 897 3505 ecc.

112 3530 185 3600 §aa
200 3550 252 3601 per
268 3551 309 3588 me
325 3535 418 3602 ipsam
435 3535 555 3604 epissent,
573 3553 587 3590 e
606 3552 659 3590 non
673 3552 725 3604 per
742 3541 836 3589 memet
852 3536 951 3603 apsnm,
969 3538 1085 3592 secondo
1098 3539 1127 3592 la

65 3631 181 3686 maggior
196 3625 274 3684 parte
293 3619 334 3673 de’
352 3618 439 3673 codici
453 3621 611 3676 autorevoli.

111 3701 128 3771 ᾗ
143 3701 186 3756 99.
204 3703 280 3757 Nam
291 3721 332 3758 nne
349 3703 457 3773 quidm
474 3703 576 3772 [fateor
592 3702 709 3774 semper]
721 3721 739 3758 a
747 3721 843 3776 peneee
860 3705 909 3757 hoc
927 3708 981 3757 toto
993 3709 1127 3762 sernaona's

66 3788 192 3857 resnpiase
217 3795 242 3842 et
263 3790 315 3843 tibi
338 3789 459 3858 capienti
483 3797 563 3858 atpne
585 3791 705 3844 instanti
726 3791 884 3859 saepissime
907 3805 1035 3857 neposse,
1058 3789 1130 3859 [nti
