2526 4246
142 172 193 225 :tt-2
498 187 532 227 nr.
551 186 656 227 amu
675 185 839 228 cressonis

142 293 298 369 claudicat,
322 294 422 359 sentit.
447 293 506 358 Sed
528 304 635 378 poetae
657 312 720 358 non
743 291 880 379 ignoscit,
904 291 996 357 nobis
1017 280 1184 369 concediqt'a·
1226 298 1237 326 ff

142 398 199 461 cite
222 408 324 462 tamen
347 417 454 462 omnes
476 416 537 461 non
561 414 626 461 esse
650 394 736 473 illud,
752 394 1005 480 quoddiximus,
1028 404 1123 481 aptum
1137 412 1186 479 pct-
1228 424 1232 429 ·

143 500 314 584 tectumque
335 510 473 565 cernunt.
498 498 601 584 ltaque
622 497 668 562 illi
684 508 813 574 veteres,
829 497 908 563 sicut
924 497 1018 563 bodie
1034 497 1119 563 etiam
1134 514 1189 560 non·

143 603 243 668 nullos
273 602 428 679 ridemus,
459 620 528 666 cum
558 600 717 666 circuitum
744 611 775 666 et
800 601 888 685 quasi
915 602 1024 666 orbem
1053 599 1190 666 verborum

141 706 290 770 conticere
312 724 374 769 non
397 713 520 790 possent
545 742 583 750 —
599 722 672 767 nam
688 702 719 768 id
734 702 858 788 quidem
876 722 980 789 nuper
1001 705 1049 769 vel
1066 720 1144 789 posse
1155 700 1191 765 td

142 808 255 873 audere
269 807 424 893 coepimus
438 845 489 883 —,
506 815 593 871 terna
609 816 661 871 aut
675 805 748 871 bina
763 815 816 871 aut
830 807 976 872 nonnulli
993 806 1109 892 singula
1122 805 1192 870 etim

94 918 98 927 '
143 911 236 976 verba
258 910 411 975 dicebant:
428 910 479 995 qui
497 909 528 973 in
544 909 597 973 itta
615 908 744 973 infantia
758 910 901 974 naturale
923 908 1012 987 illud,
1029 908 1108 994 quod
1125 925 1196 973 aures
1241 916 1243 925 '

144 1011 305 1077 bominum
327 1011 513 1097 flagitabant,
535 1010 682 1076 tenebant
704 1020 817 1086 tamen,
833 1019 913 1076 utet
931 1011 987 1076 ilia
1004 1020 1104 1077 essent
1118 1009 1197 1096 paria,

142 1134 220 1198 quae
242 1113 387 1190 dicerent,
410 1124 441 1178 et
463 1112 640 1198 aequalibus
663 1112 966 1198 interspirationibus
987 1123 1151 1180 uterentur.

67 1227 116 1281 199
184 1216 263 1281 LII.
287 1214 417 1300 Exposui
448 1216 525 1293 iere,
548 1225 582 1281 ut
604 1215 703 1301 potui,
733 1234 812 1300 quae
840 1215 979 1281 maxime
1008 1216 1048 1281 ad
1076 1224 1198 1281 ornatum

141 1318 287 1383 orationis
301 1318 458 1404 pertinere
475 1317 656 1384 arbitrabar.
680 1316 751 1382 Dixi
765 1317 850 1385 enim
866 1317 905 1383 de
920 1318 1113 1405 singulorum
1126 1314 1201 1382 laude

142 1422 317 1498 verborum,
334 1420 396 1487 diui
421 1421 459 1487 de
481 1420 694 1487 coniunctione
713 1439 830 1497 eorum,
847 1419 911 1485 dixi
927 1419 967 1486 do
983 1440 1112 1487 numero
1127 1430 1202 1505 atque

143 1525 248 1589 torma.
273 1524 342 1601 Sed,
358 1524 382 1589 si
400 1523 520 1610 [etiami
537 1523 678 1589 habitum
699 1521 845 1588 orationis
864 1530 896 1588 et
911 1524 999 1608 quasi
1016 1525 1146 1589 colorem
1162 1521 1202 1587 ali·

142 1647 233 1712 quem
257 1626 429 1712 isquirion,
452 1636 497 1692 ost
519 1635 550 1691 et
570 1627 663 1711 plena
686 1624 850 1711 quaedam,
874 1624 929 1690 sed
952 1635 1058 1692 tamen
1081 1635 1165 1701 teres
1179 1632 1204 1688 et

143 1730 253 1806 tenuis,
267 1749 329 1794 non
352 1729 417 1794 sine
434 1728 538 1794 nervis
552 1748 585 1792 ac
600 1727 727 1805 viribus,
743 1737 773 1793 et
787 1747 832 1805 ea,
845 1747 925 1812 quae
942 1728 1096 1815 particeps
1110 1726 1205 1795 utrius·
1240 1766 1243 1793 t

143 1852 202 1915 que
219 1832 340 1917 generis
357 1831 490 1917 quadam
512 1829 720 1896 mediocritate
741 1829 893 1896 laudatur.
917 1829 970 1896 His
993 1832 1092 1898 tribus
1113 1829 1206 1918 figuris

142 1933 277 1998 insidere
292 1932 417 2018 quidam
439 1932 607 1999 venustatis
630 1953 692 1998 non
716 1932 779 1997 ioco
801 1931 908 2010 ittttus,
924 1932 980 1998 sod
1001 1934 1148 2020 sanguine
1161 1930 1206 1996 tit-

64 2043 116 2096 200
143 2035 226 2102 tusus
242 2035 333 2101 debet
353 2037 444 2101 color.
490 2035 567 2101 Tum
581 2035 716 2120 denique
739 2035 788 2100 bic
810 2034 898 2100 nobis
921 2045 1027 2101 orator
1049 2037 1089 2102 ita
1104 2034 1207 2102 contor-

143 2138 274 2205 mandus
296 2148 340 2204 est
362 2148 392 2204 et
414 2138 517 2204 verbis
539 2148 568 2204 et
591 2138 760 2213 sententiis,
776 2146 819 2214 ut,
842 2156 936 2223 quem
959 2138 1000 2203 ad
1022 2139 1147 2205 modum
1163 2135 1206 2222 qui

143 2252 273 2307 utuntur
287 2241 380 2305 armis
395 2250 425 2305 et
436 2242 596 2325 palaestra,
618 2259 680 2305 non
696 2241 795 2305 solum
807 2238 863 2304 sibi
884 2239 1005 2305 vitandi
1021 2251 1075 2308 aut
1089 2236 1207 2307 feriendi

143 2344 293 2409 rationem
315 2363 380 2409 esse
404 2342 578 2407 habendam
600 2351 718 2428 putant,
735 2340 906 2419 sedetiam,
925 2351 960 2408 ut
976 2363 1048 2408 cum
1061 2351 1209 2409 venustate

142 2456 341 2522 moveantur,
365 2446 406 2510 sio
431 2445 534 2510 verbis
557 2444 682 2530 quidem
710 2443 749 2509 ad
777 2454 880 2529 aptam
907 2446 1159 2531 compositionem
1184 2452 1209 2508 et

210 2633 280 2677 1⁰8.
300 2632 390 2676 nobis
411 2630 556 2675 concedit
577 2646 603 2663 =
620 2641 667 2672 oon
685 2627 727 2672 noi
751 2626 763 2672 b
787 2627 938 2680 indulgente.
962 2627 1107 2676 Consedere
1125 2629 1137 2674 ὲ
1155 2628 1211 2674 sino·

142 2701 207 2746 nimo
219 2701 243 2746 di
258 2703 396 2756 tpnoscero.
411 2700 459 2745 Otr.
473 2699 528 2744 Pro
542 2698 599 2743 Sem.
612 2698 707 2743 Roscio
722 2698 855 2752 Amerino,
869 2697 890 2744 l.
901 2699 922 2743 3.
936 2721 963 2729 —
982 2700 1082 2755 iliud,
1101 2700 1166 2756 quoa
1178 2698 1210 2743 di·

142 2773 247 2819 aimos.
265 2772 290 2815 to
309 2772 375 2815 truse
396 2770 427 2814 da
448 2770 490 2814 noi
509 2776 588 2815 ussto.
609 2792 635 2799 -
657 2769 831 2814 circuitum
854 2772 883 2813 et
906 2770 1003 2823 quast
1026 2773 1132 2817 orbem
1156 2780 1210 2814 aer

143 2843 252 2886 borum
281 2841 440 2894 oottsioere
464 2839 477 2882 b
500 2840 558 2893 quel
580 2839 624 2884 cho
646 2839 686 2884 noi
709 2839 826 2884 dioiomo:
846 2839 1011 2885 arrotondsre
1032 2841 1050 2886 it
1070 2841 1209 2896 periodo.-

141 2924 246 2966 ttuper
262 2929 288 2946 =
303 2910 334 2955 da
349 2923 411 2964 poco
426 2910 450 2953 in
467 2924 523 2963 quo.
536 2933 563 2942 -
582 2914 697 2955 terreo...
713 2910 808 2955 bina...
822 2910 964 2964 stapulo.
978 2896 999 2955 E
1013 2916 1088 2958 ussto
1103 2912 1121 2957 il
1139 2909 1209 2957 distri·

142 2982 238 3036 butiro,
252 2981 344 3036 perche
358 2981 460 3025 l'azione
476 2981 597 3024 ovveniva
617 2993 663 3034 per
678 2980 779 3025 oiaseun
792 2979 905 3034 periodo.
917 3003 944 3011 —
960 2983 1128 3029 naturale.
1144 2978 1211 3028 Attii:

142 3055 274 3103 staturati,
286 3050 483 3098 concordandolo
499 3064 544 3095 con
559 3052 686 3105 insontia.
700 3072 726 3082 -
745 3050 1099 3108 interspirationibus,
1116 3065 1194 3108 pause.

184 3147 259 3200 cap.
275 3147 347 3191 LII.
358 3146 464 3188 -1oo.
476 3143 589 3189 Dixi...
608 3143 712 3190 (ticet...
732 3143 805 3187 ditet.
819 3141 885 3187 Note
894 3143 1075 3198 larepotitioo
1090 3136 1210 3206 ἀναφορὰ,

144 3216 189 3261 ohe
205 3217 384 3262 incominciano
394 3215 417 3259 le
428 3219 465 3259 tre
476 3227 576 3267 propos.
586 3226 631 3257 oon
642 3214 667 3258 la
677 3217 757 3258 stesso
764 3212 858 3267 perclo.
867 3236 894 3245 -
908 3213 1079 3261 traditum...
1089 3221 1117 3262 et
1127 3214 1211 3273 quasi

141 3289 286 3332 colorem.
303 3286 419 3330 Habitus
435 3285 448 3328 b
464 3285 488 3328 tu
503 3285 595 3339 forme3
612 3285 683 3328 color
698 3283 711 3327 b
727 3284 862 3336 l'elcgonne
877 3283 1006 3329 esteriore.
1019 3308 1046 3316 -
1062 3291 1091 3332 et
1105 3289 1212 3344 plena,

141 3358 165 3400 lo
182 3358 237 3401 stile
252 3356 363 3411 asiatico,
377 3356 430 3400 (ἰοὺ
447 3356 504 3408 quel
522 3368 612 3407 genere
628 3354 652 3397 di
672 3354 815 3409 eloquenza,
830 3353 875 3399 ohe
890 3353 1037 3401 coltivavesi
1055 3358 1122 3404 nollo
1138 3357 1212 3405 seuoie

141 3427 263 3471 rotoriche
279 3426 397 3471 (tetrafita
411 3425 512 3469 minore.
526 3449 553 3456 -
568 3428 652 3468 teres
667 3443 693 3459 =
709 3425 857 3479 aequabitis
873 3428 898 3469 et
911 3424 993 3469 vetuti
1005 3430 1126 3475 rotunda
1141 3441 1213 3475 acro

141 3497 232 3542 lubilis
246 3497 378 3547 (Fore.).-
395 3500 423 3539 et
446 3497 567 3549 terratis,
581 3494 722 3540 l'Attieo.-
738 3499 765 3539 et
780 3509 823 3549 ea,
837 3507 966 3550 quoe...,
979 3496 997 3540 tt
1012 3496 1103 3545 Rodio.
1117 3525 1145 3532 -
1157 3508 1212 3546 nott

137 3566 212 3619 suco
235 3568 345 3611 illitus
361 3584 387 3601 =
401 3578 454 3609 ttott
469 3566 612 3619 infucatus,
626 3579 675 3610 non
690 3566 807 3610 artefotto
822 3578 835 3609 e
852 3564 954 3619 dipinto.
969 3565 1020 3610 Cb·-
1036 3572 1047 3618 t
1063 3572 1110 3615 100.

208 3647 283 3690 200.
305 3645 558 3697 oottformattdus
583 3648 643 3698 est,
665 3644 678 3688 b
699 3645 729 3689 du
750 3644 934 3698 perfezionsro,
953 3645 992 3689 ool
1012 3646 1095 3702 dergli
1118 3650 1215 3696 l'ultimo

140 3714 335 3768 insegntuuento,
349 3714 402 3758 uiob
418 3713 500 3767 quetto
516 3714 618 3758 dell’uso
635 3715 698 3760 detto
715 3716 799 3769 figure.
813 3739 839 3746 —
860 3716 964 3760 armis
985 3720 1014 3761 et
1033 3721 1214 3773 palaestra.

139 3786 187 3830 Per
202 3785 283 3829 alcuni
295 3785 404 3829 formano
419 3783 526 3837 endiudi,
537 3799 582 3838 per
598 3786 655 3829 uitri
671 3800 701 3831 no
717 3800 730 3831 e
745 3787 769 3830 in
784 3787 819 3831 tat
835 3799 892 3831 euso
908 3786 1068 3839 significatio:
1082 3792 1184 3837 esereizi
1193 3788 1213 3833 tt

134 3857 250 3903 ucbermo
265 3868 278 3902 e
294 3855 318 3901 di
332 3855 478 3911 ginnastioo.
497 3879 523 3886 -
545 3857 678 3901 vitandi
696 3876 722 3892 =
737 3857 761 3901 di
777 3856 923 3910 schcrrnirsi‚
938 3856 962 3900 di
977 3858 1093 3908 schivere
1114 3863 1131 3908 it
1146 3864 1214 3916 ootpo

125 3930 344 3979 deidei-versario.
364 3956 389 3963 —
411 3929 681 3987 compositionem
703 3932 730 3974 ot
753 3928 932 3972 decentium
951 3927 1064 3974 mimo
1077 3934 1183 3979 endiadi.
