2526 4246
250 122 294 161 on
311 121 459 163 oneroan
476 122 537 162 ma.
556 123 590 171 11,
611 122 681 163 ona.
700 123 845 172 xx-xxn,
866 123 953 173 eaeor
1092 111 1142 164 149

63 226 158 291 nimis
179 226 325 293 celeriter
346 238 392 294 est
413 229 621 294 maturitatem
650 228 836 294 adsecutum.
881 228 949 294 Vidi
974 228 1075 294 statim
1098 229 1142 293 in·
1168 234 1203 287 89

62 324 168 390 dotem
191 345 296 410 neque
317 325 421 391 dimisi
443 337 564 412 tempus
578 336 608 392 et
623 346 696 392 eum
711 345 779 393 sum
794 327 977 406 cohortatus,
992 337 1026 393 ut
1042 327 1142 393 torum

63 423 123 487 sibi
136 423 248 489 iudum
259 433 383 508 putaret
397 444 462 490 esse
479 424 519 489 ad
533 424 722 499 discendnm,
735 424 914 510 magistmm
926 435 1037 502 autem,
1051 445 1144 511 quem

64 522 170 598 vellet,
194 522 336 608 eligeret:
360 542 410 587 me
424 521 550 607 quidem
573 523 598 588 si
618 522 747 600 audiret,
764 523 795 586 L.
812 521 962 589 Crassum.
987 523 1073 606 Quod
1089 524 1144 588 iste

64 620 205 705 adripuit
231 630 263 686 et
290 621 332 686 ita
361 641 426 686 sese
452 620 603 687 facturum
630 621 824 686 confirmavit
853 632 944 706 atque
975 622 1067 688 etiam
1095 621 1144 687 ad-

65 722 156 800 didit,
178 723 296 809 gratiae
318 723 430 790 scilicet
450 744 549 800 causa,
567 743 618 789 me
640 744 761 809 quoque
783 724 839 789 sihi
864 724 1044 810 magistrum
1069 724 1145 790 iutu-

69 845 150 889 rom.
172 824 231 890 Vix
257 845 358 891 annus
384 826 595 892 intercesserat
620 826 658 891 ab
686 826 742 892 hoc
764 846 906 892 sermone
928 825 1145 892 cohortationis

70 943 166 1000 meae,
189 944 260 989 cum
282 924 339 989 iste
361 924 510 990 accusarit
525 923 555 988 C.
575 924 762 1001 Norbanum,
786 924 970 991 defendente
992 945 1051 990 me.
1073 924 1140 989 Non

67 1032 114 1084 est
137 1021 283 1087 credibile
309 1021 384 1106 quid
410 1022 558 1087 interesse
587 1021 664 1086 mihi
692 1022 730 1087 sit
756 1023 857 1088 visum
884 1023 965 1088 inter
987 1044 1068 1099 eum,
1091 1022 1144 1108 qui

71 1129 136 1185 tum
158 1131 224 1184 erat
245 1130 276 1185 et
292 1120 343 1205 qui
360 1140 441 1185 anno
456 1131 530 1185 ante
545 1119 651 1185 fuerat.
669 1119 804 1186 Omnino
823 1121 855 1185 in
871 1121 949 1187 illud
963 1141 1059 1209 genus
1074 1141 1144 1186 enm

70 1216 166 1281 Crassi
191 1217 389 1304 magnificum
412 1228 504 1304 atque
519 1219 708 1303 praeclarum
727 1231 835 1285 natura
860 1219 923 1305 ipsa
939 1219 1075 1296 ducebat,
1092 1220 1144 1285 sed

69 1336 105 1379 ea
127 1336 189 1380 non
211 1317 284 1381 satis
306 1316 456 1401 proficere
478 1315 634 1402 potuisset,
653 1317 710 1382 nisi
734 1317 842 1382 eodem
860 1316 959 1382 studio
974 1328 1064 1402 atque
1081 1318 1146 1382 imi-

70 1414 182 1480 tatione
204 1415 385 1480 intendisset
399 1425 491 1500 atque
513 1415 555 1479 ita
575 1414 675 1480 dicere
697 1425 878 1491 consuesset,
903 1426 936 1480 ut
960 1426 1020 1479 tota
1043 1426 1145 1480 mente

71 1509 211 1576 Crassum
234 1522 326 1596 atque
348 1512 431 1577 omni
455 1511 560 1576 animo
584 1511 763 1577 intueretur.

115 1609 237 1677 XXII.
260 1609 337 1694 Ergo
360 1610 416 1675 hoo
445 1610 485 1673 sit
514 1610 651 1694 primum
678 1610 710 1673 in
737 1610 906 1696 praeceptis
932 1609 1017 1686 meis,
1042 1620 1075 1675 ut
1097 1609 1146 1674 de·
1170 1610 1205 1663 90

76 1719 287 1785 monstremus,
312 1728 404 1793 quem
422 1707 569 1785 imitetur,
593 1719 683 1792 atque
707 1708 756 1785 ita,
781 1719 918 1793 atquae
941 1708 1075 1773 maxime
1097 1728 1145 1772 ex-

74 1806 183 1870 cellent
205 1806 235 1870 in
253 1827 299 1884 eo,
316 1826 408 1891 quem
426 1805 606 1882 imitabitur,
630 1826 664 1871 ea
688 1806 919 1892 diligentissime
934 1817 1144 1892 persequatur.

75 1901 150 1968 Tum
173 1903 292 1969 accedat
314 1905 577 1988 exercituumque
600 1904 699 1980 illum,
716 1924 806 1988 quem
824 1905 978 1991 delegerit,
998 1903 1146 1969 imitando

77 2001 197 2088 effingat
218 2014 310 2088 atque
331 2003 493 2089 exprimat,
519 2023 579 2067 non
602 2012 635 2068 ut
658 2005 769 2069 multos
797 2003 964 2068 imitatores
990 2024 1079 2088 saepe
1102 2024 1147 2068 co-

79 2101 175 2179 gnovi,
198 2100 248 2184 qui
273 2110 391 2175 autea,
415 2120 493 2185 quae
517 2099 613 2164 facilia
637 2110 716 2175 sunt,
741 2100 907 2165 autetiam
931 2101 992 2175 illa,
1011 2119 1088 2185 quae
1103 2100 1147 2163 in-

80 2197 170 2283 signia
201 2220 235 2264 ac
264 2218 362 2284 paene
392 2198 509 2275 vitiosa,
540 2208 751 2263 consectantur
780 2196 937 2261 imitando.
990 2197 1070 2260 Nihil
1102 2208 1147 2261 est
1172 2189 1203 2240 91

141 2423 192 2466 Sti.
206 2422 356 2474 indolem,
379 2421 432 2466 cioe
448 2421 571 2474 l’ingegno
586 2421 610 2464 di
633 2421 750 2475 Sulpicio.
767 2446 793 2452 —
808 2423 847 2466 cd
872 2421 1102 2465 discendum==
1117 2422 1145 2464 iu

83 2499 125 2538 ouo
140 2489 252 2534 disceret.
267 2512 293 2519 -
311 2488 395 2544 Quod
415 2490 477 2532 iste
499 2488 649 2542 adripuit
663 2509 689 2522 -
704 2488 733 2532 Al
750 2489 807 2541 qual
823 2488 915 2540 partito
931 2487 980 2540 egli
997 2487 1017 2531 si
1032 2486 1144 2541 appiglid

85 2557 147 2598 tosto.
161 2579 184 2584 -
198 2556 327 2610 praticae
347 2555 475 2599 scilieet
494 2567 593 2598 curcua
606 2567 687 2607 -per
698 2569 729 2597 ιιιι
740 2559 815 2598 trotto
827 2554 851 2597 di
862 2553 975 2598 cortesis.
987 2578 1012 2584 -
1025 2553 1054 2598 0.
1069 2554 1145 2598 Nor·

87 2618 200 2675 bonoim,
213 2624 260 2672 ut
275 2623 321 2665 107.
331 2621 454 2673 Norbano,
469 2620 573 2664 essendo
588 2620 686 2664 tribuno
702 2621 768 2664 dello
782 2621 951 2673 procerumve
962 2620 1024 2664 tatto
1035 2621 1118 2664 levore
1130 2620 1145 2664 il

88 2687 193 2732 romundo
203 2702 217 2732 e
226 2687 360 2732 confiscare
375 2686 451 2731 ibeni
462 2701 476 2730 a
487 2687 515 2740 Q.
526 2686 629 2730 Servilio
645 2686 761 2741 Cepione,
774 2686 790 2730 ii
806 2687 880 2740 quale
896 2699 938 2730 ere
953 2691 1017 2731 stato
1034 2688 1146 2732 scontitto

88 2749 233 2798 dai‘Cimbri.
252 2753 331 2806 Depo,
350 2753 400 2806 egli
419 2756 499 2797 stesso
513 2752 539 2795 fu
554 2756 670 2796 accusato
692 2751 723 2795 du
744 2751 852 2805 Sulpicio
868 2751 892 2795 ‹li
907 2752 959 2796 lesa
983 2753 1084 2797 incestat.
1106 2752 1146 2796 Ma

92 2816 182 2863 Antonio
191 2821 214 2864 lo
224 2819 304 2864 difeee
319 2832 333 2863 e
347 2818 436 2864 mando
451 2819 552 2862 assolto.
566 2843 592 2849 -
607 2819 660 2872 qui
674 2839 700 2851 =
711 2818 806 2872 quatis.
820 2842 845 2849 —
861 2832 895 2862 ea
911 2818 923 2863 ὸ
939 2819 986 2863 abl.
1002 2844 1028 2850 —
1042 2820 1148 2863 eodem

92 2881 166 2930 tarr.
188 2911 212 2918 -
235 2887 426 2934 Graecum...
451 2888 648 2931 intueretur.
669 2885 795 2940 Aliquem
817 2887 915 2931 intueri
935 2888 978 2941 qui
999 2888 1065 2931 valo:
1089 2899 1148 2931 over

94 2946 128 2993 fise
141 2952 161 2996 lo
175 2954 281 3006 spuendo
296 2953 390 2999 aduno
405 2967 474 2998 come
490 2953 520 2997 ad
536 2967 567 2997 un
583 2954 635 3006 tipo
651 2953 738 3006 ideate,
753 2967 767 2997 a
782 2967 815 2997 un
830 2954 1005 3007 esemplarc...

41 3080 43 3087 .
127 3037 191 3093 Gap.
206 3042 317 3086 xxn.
339 3065 364 3072 -
386 3042 438 3086 90.
461 3045 495 3085 ut
522 3041 774 3086 demonstremus
798 3062 824 3074 =
846 3041 890 3085 che
912 3040 1100 3094 gl'indichiamo
1115 3055 1148 3085 ιιιι

96 3112 190 3150 uomo-
200 3113 295 3163 atque
312 3109 444 3154 ita...ut
459 3111 680 3162 persequatur
690 3107 796 3160 dipendc
808 3107 970 3159 doimitetur,
981 3106 1150 3160 chepreocde,

96 3177 150 3213 como
163 3188 176 3216 e
189 3175 251 3219 dire:
266 3178 345 3228 atque
359 3175 478 3219 imitetur
491 3175 538 3225 ita,
551 3177 617 3220 ut...
636 3173 869 3227 L'interpretazione
885 3173 929 3217 ohe
946 3172 969 3216 di
985 3177 1048 3215 tutto
1059 3176 1147 3225 questo

41 3244 43 3289 j
98 3238 191 3285 pensiero
211 3241 243 3286 dd
263 3241 423 3286 l'Harnecker
445 3244 492 3293 (op.
507 3240 555 3293 cit,
574 3253 631 3293 pag.
645 3242 666 3293 5)
689 3239 741 3284 elo
762 3244 892 3292 seguente:
913 3238 1097 3292 Praeceptoris
1120 3240 1147 3282 iu

98 3297 183 3350 dicendo
193 3309 314 3362 primum
329 3307 440 3361 officium
458 3307 515 3360 erit,
535 3310 564 3350 ut
584 3307 742 3350 demonstret
762 3306 891 3360 discipulo
913 3308 1052 3359 oratorem,
1071 3319 1146 3359 quem

41 3366 45 3401 ι’
98 3363 212 3421 diiipenter
224 3375 272 3418 iile
285 3374 412 3427 imitetur,
427 3386 553 3428 quemque
567 3375 607 3417 itu
621 3373 746 3425 imitetur,
760 3376 790 3417 ut
805 3372 1005 3426 ‹tiiipeutissime
1020 3385 1051 3415 ea
1060 3385 1147 3426 peree-

41 3490 43 3495 .
97 3439 182 3493 tuctur,
194 3454 260 3495 quae
275 3441 390 3484 maxime
409 3441 537 3484 excellunt
555 3441 584 3484 iu
603 3453 637 3483 eo.
658 3463 684 3470 -
707 3440 880 3492 exprimat.
902 3437 1060 3492 Exprimere
1080 3439 1149 3483 vole:

98 3503 155 3544 cerm
167 3505 233 3562 tuoni,
247 3521 260 3552 e
275 3506 318 3561 poi
332 3507 421 3551 anche:
435 3511 633 3560 roppresentare,
651 3505 803 3557 roffigurere.
813 3505 852 3548 Ha
863 3505 980 3557 l’oggetto
991 3518 1105 3558 espresso
1116 3505 1148 3549 da

41 3568 45 3637 f
98 3570 192 3617 unnome
211 3573 234 3618 di
256 3586 326 3624 cosa:
340 3571 390 3626 pua
412 3574 494 3617 averto
511 3573 534 3616 di
549 3585 663 3626 persona,
685 3584 753 3615 come
775 3570 826 3624 qui,
844 3571 878 3615 sol
903 3570 1001 3624 quando
1022 3571 1147 3623 significa:

41 3646 43 3657 ¹
99 3636 275 3694 taurianensem,
299 3639 413 3684 formare.
436 3663 462 3670 —
484 3653 546 3684 uere
569 3644 603 3683 ut
626 3638 747 3682 multoe
770 3638 957 3682 imitatores
982 3650 1077 3691 ecepe
1101 3650 1148 3680 eo·

99 3701 180 3763 Qvi.
199 3705 222 3750 Si
237 3705 342 3751 traduce
362 3717 431 3749 come
453 3719 479 3749 se
494 3705 543 3750 Cio.
563 3716 649 3748 ovasse
671 3708 743 3747 useto
758 3702 775 3746 il
791 3705 923 3747 costrutto:
945 3715 998 3746 riou
1018 3707 1048 3746 ut
1069 3701 1149 3745 multi

99 3762 220 3817 'miratores
239 3772 351 3827 faciunt,
373 3784 436 3825 quos
457 3785 535 3826 saepe
556 3771 667 3826 coenove.
684 3791 710 3799 -
731 3769 879 3823 inaipuia
893 3789 920 3802 -
938 3768 984 3812 che
1002 3767 1081 3812 denno
1103 3765 1148 3819 pio

100 3824 210 3893 marchio,
222 3837 315 3894 percha
329 3837 377 3882 han
393 3837 457 3883 dailo
473 3842 567 3885 strano.
