2526 4246
223 167 267 206 nn
286 165 433 207 onunonn
450 166 512 205 uun.
532 167 554 214 1,
574 163 643 205 cnr.
664 165 770 218 ur-nn,
791 164 906 214 lucane
1070 152 1105 205 93

30 281 60 336 et
81 291 196 350 eorum,
219 271 304 358 apud
327 290 402 356 quos
423 270 538 356 aliquid
566 280 632 356 aget
658 279 711 336 aut
738 271 796 336 erit
821 280 957 348 acturos,
989 279 1105 335 mentes

32 394 192 459 sensusque
207 373 363 461 degustet;
406 372 660 459 philosophorum
675 382 777 439 autern
788 372 883 438 libros
898 383 1032 438 reservet
1047 371 1104 437 sihi
1131 381 1182 434 224

33 476 67 541 ad
83 476 206 543 huiusce
221 476 306 542 modi
322 476 480 542 Tusculani
498 476 636 561 requiem
651 486 742 561 atque
757 476 861 553 otiorn,
878 497 925 553 ne,
944 477 967 540 si
984 473 1104 561 quando

35 579 59 642 ei
79 578 240 646 dicendum
264 579 323 644 erit
345 578 383 644 de
405 579 515 645 iustitia
538 589 568 644 et
592 579 660 655 lide,
684 589 840 645 mutuetur
855 600 871 642 a
889 578 1023 656 Platone;
1041 578 1103 662 qui,

36 701 98 747 cum
122 683 193 748 haec
219 681 421 769 exprimenda
447 681 549 747 verbis
575 681 790 757 arbitraretur,
818 701 929 746 novam
952 680 1104 766 quandam

39 783 120 849 linxit
140 785 171 849 iu
193 785 284 850 libris
306 784 474 863 ciuitatem
498 804 593 869 usque
611 804 647 849 eo
670 785 732 861 illa,
755 804 833 869 quae
855 783 979 849 dicenda
1002 781 1040 847 de
1063 783 1106 848 iu·

39 887 109 952 stitia
130 888 266 974 putabat,
290 909 307 952 a
330 887 410 953 vitae
439 887 654 953 consuetudine
685 897 757 952 eta
784 887 940 953 civitatum
968 886 1105 951 moribus

41 989 244 1056 abhorrebant.
291 988 404 1073 Quodsi
427 1011 460 1055 ea
482 990 686 1076 probarentur
708 990 737 1054 in
752 991 874 1076 populis
888 1000 979 1075 atque
990 990 1021 1054 in
1036 990 1105 1055 civi·
1131 997 1183 1048 225

42 1092 149 1171 tatibus,
172 1094 241 1178 quis
264 1092 331 1168 rici,
355 1090 466 1169 Crasse,
491 1092 690 1168 concessisset,
714 1093 880 1157 clarissimo
903 1094 969 1157 viro
992 1102 1021 1157 et
1044 1112 1105 1155 aru·

44 1193 174 1276 plissimo,
197 1195 331 1281 principi
354 1195 490 1268 civitatis,
513 1205 546 1261 ut
568 1196 621 1259 illa
643 1195 758 1260 diceres
774 1195 804 1259 in
820 1195 952 1260 maxima
967 1195 1105 1259 contione

45 1305 151 1363 tuorum
173 1298 299 1374 civium,
322 1318 401 1382 quae
421 1298 541 1363 dixisti?
564 1297 706 1383 «Eripite
721 1284 775 1362 nos
789 1317 825 1362 ex
841 1297 980 1374 miseriis
997 1297 1105 1382 eripite

53 1417 106 1462 tex
126 1399 263 1465 lancibus
285 1418 401 1475 eorum,
424 1418 554 1483 quorum
577 1397 738 1463 crudelitas
760 1409 862 1463 nostro
885 1398 1029 1483 sarrguine
1044 1417 1104 1460 non

55 1511 164 1583 «potest
185 1501 321 1586 expleri;
344 1501 437 1565 nolite
459 1500 558 1565 sinere
577 1520 631 1565 uos
646 1501 786 1585 cuiquam
803 1500 928 1574 servire,
944 1500 1001 1563 nisi
1020 1499 1105 1564 vobis

10 1622 23 1681 '.
56 1604 225 1680 «universis,
249 1603 361 1688 quibos
383 1613 412 1668 et
433 1623 594 1688 possumus
616 1613 646 1667 et
665 1603 850 1669 debemus.»
873 1602 987 1667 Omitto
1002 1603 1105 1666 miso·

53 1703 121 1783 rias,
142 1707 171 1772 in
194 1706 318 1793 quibus,
335 1715 368 1771 ut
383 1706 427 1770 illi
443 1707 536 1781 aiunt,
554 1707 602 1770 vir
618 1705 702 1770 tortis
717 1726 856 1770 essenon
872 1715 982 1791 potest;
999 1705 1104 1770 onritto

54 1805 164 1886 laureo,
188 1832 228 1876 ex
251 1810 362 1895 quibus
384 1821 414 1876 te
436 1811 512 1896 eripi
529 1811 585 1888 vis,
605 1831 643 1876 ne
662 1810 771 1876 iudicio
790 1812 893 1894 iniquo
909 1811 1106 1876 exsorbeatur

56 1913 149 1997 sanguis
170 1924 253 1989 tuus,
276 1913 357 1998 quod
380 1913 506 1998 sapienti
535 1924 645 2000 negant
672 1913 805 1978 accidere
831 1933 932 1999 posse:
963 1915 1105 1978 servire

57 2027 109 2078 reru
128 2037 184 2081 non
207 2014 301 2080 modo
324 2026 362 2091 te,
381 2015 433 2081 sed
449 2015 624 2081 universum
641 2025 789 2092 senatum,
805 2016 889 2081 cuius
904 2027 969 2080 turn
985 2037 1104 2081 causam

58 2115 147 2197 agelas,
169 2139 263 2185 ausus
286 2138 317 2181 es
339 2117 460 2182 dicere?
505 2117 642 2183 Potestne
658 2117 763 2195 virtus,
781 2116 894 2194 Crasse,
911 2118 1025 2183 servire
1042 2119 1106 2182 istis
1131 2121 1182 2173 '226

58 2221 210 2298 autoribus,
235 2240 367 2304 quornm
389 2230 420 2286 tu
444 2231 602 2306 praecepta
626 2221 754 2284 oratoris
776 2221 915 2286 facultate
929 2222 1105 2305 complecte-

58 2315 102 2384 ris?
120 2343 193 2409 quae
216 2333 248 2388 et
270 2342 391 2408 semper
412 2333 441 2388 et
463 2325 526 2388 sola
550 2323 642 2388 libera
667 2333 711 2387 est
733 2343 880 2408 quaeque,
904 2322 1019 2387 etiaursi
1044 2343 1105 2386 cor-

57 2435 109 2500 pora
127 2438 210 2513 capta
235 2426 296 2490 sint
317 2425 410 2490 armis
431 2436 483 2490 aut
504 2426 660 2490 constricta
683 2426 820 2502 vinculis,
838 2435 938 2489 tamen
953 2445 1042 2489 suurn
1058 2425 1105 2490 ius

57 2531 122 2611 atqu
145 2529 287 2595 omnium
315 2547 419 2594 rerum
445 2528 627 2614 impunitam
657 2528 828 2593 libertatem
857 2539 961 2592 tenere
986 2526 1102 2593 debeat.

54 2716 171 2769 nell'intima
184 2727 259 2778 porte
273 2721 478 2774 dell’orgunisnro,
493 2720 544 2766 cosi
561 2721 705 2774 significuno
721 2721 809 2765 unche:
825 2721 928 2766 l'iutirnu
941 2726 1037 2775 nutura,
1053 2723 1105 2766 l'in-

54 2777 93 2829 dole
105 2788 127 2833 di
140 2795 231 2844 questa
246 2802 260 2833 o
274 2788 358 2842 quella
372 2801 437 2832 cosa.
749 2842 752 2847 ,

101 2860 166 2903 224.
180 2859 325 2912 requiem
346 2862 441 2913 atque
463 2860 562 2903 otium
577 2858 589 2902 d
604 2872 654 2903 una
668 2859 751 2912 specie
767 2859 903 2904 d’endiadi:
922 2860 973 2904 vitu
995 2860 1105 2913 riposutu

53 2926 202 2980 etrttnquillu.
218 2949 244 2955 -
259 2925 425 2969 ciuitatum
436 2939 444 2978 ‚¹
465 2938 573 2970 uccenna
588 2940 603 2969 u
617 2926 700 2978 quello
720 2925 788 2971 Stuto
808 2926 888 2971 ideule
908 2940 921 2970 e
940 2926 1047 2980 perfetto
1063 2928 1105 2971 irn-

52 2999 154 3050 mutuato
176 3001 210 3046 du
230 3000 333 3046 Plutone
352 3001 418 3045 nella
437 3014 483 3045 suu
502 3013 579 3053 operu
599 3000 622 3043 in
642 3000 705 3045 dieci
725 3001 781 3045 libri
800 3001 934 3046 intitulata:
949 2996 1069 3047 leodrosius
1088 2998 1104 3063 ἡ

10 3128 12 3133 Ι
51 3067 94 3131 περ).
108 3070 220 3123 δικαίου.
239 3075 283 3119 Nol
300 3078 365 3125 §230
379 3074 476 3120 chiama
490 3076 671 3119 commenticia
692 3081 780 3128 questu
799 3078 892 3120 civitae
912 3078 935 3121 di
956 3079 1066 3123 Plutone.
1080 3104 1105 3110 —

10 3142 12 3199 J
50 3152 130 3200 “tque
143 3163 175 3194 uo
189 3168 218 3182 ·=
232 3150 310 3200 tunto,
324 3160 339 3190 u
352 3147 387 3190 tal
402 3159 490 3199 segn03
505 3159 517 3189 e
533 3143 565 3189 dd
580 3145 680 3197 ragione
692 3146 731 3191 del
746 3160 840 3191 novum
851 3147 895 3191 che
907 3148 1021 3202 precede,
1032 3162 1051 3202 e,
1063 3149 1105 3203 piir

10 3212 12 3217 '
50 3213 215 3269 trociulrnentcr,
230 3213 269 3257 del
281 3213 368 3268 fluuit.

100 3285 169 3330 225.
184 3284 398 3338 amplissimo,
412 3281 679 3334 eoslrugguurdcvole.
694 3307 719 3313 -
730 3284 762 3327 tto
783 3285 924 3328 unanima
946 3286 1106 3337 contione,

49 3344 89 3392 cio'e
103 3351 199 3404 quando
220 3350 308 3395 Crasso
328 3350 408 3394 l'euno
422 3350 478 3401 6481
492 3351 530 3392 106
544 3352 601 3403 (pro
617 3349 670 3402 leuc
684 3348 806 3400 Seruilia)
821 3348 891 3403 purld
905 3364 951 3404 per
968 3351 1074 3396 ecciture
1089 3353 1104 3395 il

48 3418 122 3468 copulo
136 3433 151 3462 u
172 3417 272 3462 frenare
294 3417 318 3460 la
339 3416 453 3461 violence
471 3415 536 3458 colla
555 3415 628 3469 quale
649 3416 654 3458 i
675 3416 797 3460 Carulieri
817 3417 956 3462 rendevuno
977 3418 1107 3470 pubblicu-

46 3487 111 3527 nrente
132 3483 256 3537 giustizia.
277 3506 302 3513 -
323 3486 358 3526 ccl
379 3482 435 3526 illi
457 3482 562 3536 aiunt,
585 3481 638 3526 ciod
653 3482 660 3526 i
676 3483 762 3527 filosofi
781 3483 860 3528 stoici.
880 3508 906 3514 -
927 3485 1018 3528 cuiue
1041 3489 1105 3529 tum

45 3556 161 3595 causum
183 3549 314 3604 apodas,
333 3548 426 3602 perche
441 3547 529 3591 Crasso
552 3553 682 3593 sostenevu
703 3550 748 3594 che
763 3550 770 3593 i
785 3549 876 3602 girulizi
892 3551 1023 3595 dovessero
1046 3552 1104 3595 l'ursi

45 3609 76 3657 dui
89 3615 207 3661 Senatori.

100 3684 169 3727 226.
185 3681 339 3726 Potestne
353 3699 381 3716 -
394 3680 469 3725 Num
479 3683 572 3733 potest.
586 3704 612 3711 —
627 3682 704 3726 istie
726 3684 916 3727 auctoribus
932 3704 958 3717 =
973 3684 1079 3728 secondo
1097 3683 1104 3726 i

43 3747 146 3802 principii
162 3749 186 3792 di
202 3751 312 3801 oostoro3
336 3747 383 3791 ubl.
402 3761 450 3791 uss.
466 3770 492 3776 -
507 3760 587 3802 quae
602 3752 630 3791 ct
645 3761 781 3802 occupor,
800 3763 860 3802 ece,
882 3749 946 3794 cioe:
967 3751 1059 3794 uirtus.
1079 3773 1102 3780 -

41 3817 171 3860 omnium
194 3826 304 3860 rerum
326 3814 526 3868 impunitam
580 3813 665 3858 franca
687 3814 719 3859 du
741 3816 860 3868 quulsiusi
879 3816 1000 3860 violenzu.
1015 3815 1105 3871 Impu-

40 3880 104 3926 nituo
118 3883 184 3927 vele:
206 3880 295 3934 libero,
309 3892 356 3924 non
373 3880 426 3925 solo
446 3878 477 3923 da
497 3893 570 3933 pena.
584 3894 626 3927 niu
641 3881 719 3928 unche
739 3881 772 3929 du
793 3882 854 3938 ogrii
872 3881 1002 3939 spectent
1021 3881 1117 3926 coerex-
