2526 4246
137 122 189 177 310
504 138 538 177 n.
556 137 662 178 annm
682 136 846 180 cicnnoms

138 243 265 308 omnino
287 242 325 307 (le
347 243 466 327 captivo
488 242 683 308 statuendum
706 264 739 309 ac
760 242 958 310 sentiendum
979 243 1036 309 sit?
1051 241 1190 330 btqnebo

138 366 208 412 rum
231 345 371 432 superius
393 345 470 411 illud
492 366 588 431 genus
602 365 723 412 eausam
738 355 791 412 aut
803 346 1045 413 controversiam
1058 346 1192 433 appellant

137 468 267 533 eamque
281 448 389 524 tribus,
406 449 458 513 lite
473 458 526 513 aut
540 447 760 514 deliberatione
773 457 826 515 aut
846 448 1033 527 laudatione,
1047 448 1193 525 definiano

140 551 337 617 liaeoautem
359 552 455 615 altera
469 550 605 635 quaestio
628 548 749 616 infinita
763 559 794 617 et
815 549 903 636 qnasi
925 552 1080 639 proposita
1097 551 1195 618 oonsul-

63 670 113 724 1to
139 654 212 718 tatio
233 654 420 719 nominatur.
465 653 562 738 Atque
584 652 749 739 [hactenus
763 654 952 742 loquuntur]
974 653 1196 720 rbctmecetiam

140 756 196 821 bae
219 755 250 821 in
273 753 460 821 instituendo
475 753 626 822 divisione
647 765 786 833 utuntur,
803 755 857 822 sed
872 757 924 835 ita,
941 777 1005 824 non
1019 762 1054 825 u't
1074 757 1137 824 iure
1156 766 1198 821 aut

140 858 307 934 iudicioli
329 857 463 942 deniquo
485 878 667 943 recuperare
688 858 832 924 amissam
851 859 1085 946 possessionem,
1106 859 1155 926 sed
1172 868 1199 924 nt

140 961 189 1039 [ex
211 960 278 1025 iure
300 959 395 1046 civili]
411 962 531 1027 surculo
551 959 751 1048 defringendo
771 982 924 1048 usmpare
944 963 1116 1030 videantur.
1136 960 1200 1027 Nam

139 1061 216 1127 illucl
239 1065 369 1128 altorum
399 1083 504 1148 genoe
534 1063 613 1149 quod
643 1073 688 1129 est
718 1064 919 1149 temporibus,
949 1065 1033 1143 loeis,
1062 1065 1121 1131 reis
1140 1063 1200 1130 defi·

139 1165 249 1239 nitum,
272 1164 421 1241 obtinent,
452 1176 543 1250 atque
571 1164 602 1230 id
632 1166 733 1252 ipsum
758 1165 877 1233 lacinia.
908 1167 996 1234 Nunc
1021 1170 1106 1234 enim
1133 1165 1200 1253 apud

139 1266 317 1344 Philonem,
344 1287 436 1352 quem
464 1268 494 1332 in
523 1267 682 1334 Academia
702 1269 836 1335 maxime
858 1270 963 1356 vigere
985 1271 1094 1348 audio,
1122 1271 1200 1336 etiam

140 1368 251 1436 barum
274 1370 335 1434 iam
357 1390 517 1437 causacum
539 1369 669 1457 cognitio
691 1371 928 1457 exercitatioque
942 1374 1123 1440 celebratur.
1139 1373 1203 1437 tle-

139 1492 209 1538 rnm
232 1492 305 1537 vero
327 1482 446 1538 tantum
463 1471 554 1537 modo
577 1472 609 1537 in
630 1474 732 1559 prima
755 1484 820 1539 arte
834 1474 985 1540 tradenda
1003 1476 1162 1541 nominant
1179 1484 1203 1539 et

139 1575 268 1640 oratoris
297 1594 361 1640 esse
387 1574 508 1654 dicunt3
543 1574 596 1640 sed
632 1596 732 1661 neque
760 1576 824 1641 vim
851 1596 952 1662 neque
977 1587 1123 1645 naturam
1149 1576 1205 1642 eins

140 1696 196 1742 noc
210 1687 312 1762 partes
328 1697 383 1743 nec
404 1698 516 1764 genera
537 1689 724 1763 proponunt,
746 1688 781 1745 nt
801 1679 964 1765 praeteriri
982 1681 1112 1747 omnino
1126 1678 1206 1746 luerit

141 1781 234 1845 satius
256 1800 349 1864 quam
371 1790 514 1846 attactum
537 1779 645 1845 deseri.
676 1780 762 1847 Nunc
782 1782 867 1847 enim
889 1783 994 1869 inopia
1020 1783 1146 1850 reticere
1170 1782 1206 1846 in-

140 1883 336 1968 colliguntur,
359 1892 425 1948 tum
448 1882 558 1949 iudicio
580 1883 770 1963 viderentur.

64 1997 112 2052 111
184 1983 320 2050 XXIX.
345 1983 453 2050 Omnis
476 1984 568 2071 igitur
579 2006 628 2050 res
639 1986 770 2052 eandem
782 1985 874 2052 habet
886 1997 1031 2053 naturam
1042 1986 1204 2075 ambigendi

141 2246 209 2290 onis
220 2264 246 2282 =
256 2244 372 2290 restitulti
383 2244 414 2289 od
426 2243 474 2288 essi
486 2241 493 2286 i
503 2243 556 2287 loro
567 2241 699 2296 (prigioni).
713 2267 739 2276 -
754 2243 888 2298 omnino,
898 2242 923 2288 in
933 2246 1060 2298 generale.
1068 2269 1095 2277 —
1105 2247 1204 2292 aorem

141 2316 295 2370 superine
314 2316 402 2360 iilud
420 2326 517 2370 nonno
536 2331 562 2349 =
580 2314 746 2371 illaiamne
760 2314 884 2369 superine
900 2315 997 2361 beram
1009 2333 1036 2352 =
1050 2315 1068 2361 il
1081 2317 1159 2371 primo
1172 2313 1203 2358 dei

140 2390 229 2430 tre-
248 2400 352 2432 cam...
375 2385 553 2439 definiant,
573 2383 660 2429 dieono
680 2383 725 2430 ehe
745 2398 801 2430 esse
819 2385 978 2439 comprende.
997 2407 1024 2418 —
1045 2388 1158 2441 tribue,
1172 2389 1202 2429 tre

84 2480 88 2484 ‹
141 2458 244 2511 oggetti‚
257 2458 303 2501 tite
316 2456 371 2508 (ohe
385 2455 502 2511 risponde
517 2455 541 2499 el
555 2467 636 2509 nenne
655 2456 797 2511 iudiciale),
815 2459 863 2501 ant
881 2456 1070 2503 deliberatione
1088 2458 1123 2510 (el
1135 2466 1203 2514 aenae

141 2528 357 2581 deliberativam),
376 2532 423 2572 ant
443 2526 596 2571 laudatione
617 2527 879 2576 (demonstrativam).
902 2529 1027 2573 -haee
1047 2532 1151 2574 antem
1168 2525 1203 2570 ol·

141 2601 212 2642 tera
231 2611 280 2642 eoo.
294 2597 400 2652 Disponi
415 2596 481 2642 cosi:
495 2597 558 2640 haee
573 2600 661 2641 antem
675 2597 763 2642 altera
773 2598 892 2652 quaestio
904 2598 1015 2654 infinita
1029 2603 1054 2645 et
1067 2599 1145 2655 qnasi
1152 2608 1203 2653 pro·

136 2673 228 2726 posita
242 2673 325 2724 (greco
339 2668 424 2734 θέσις)
437 2672 592 2717 nominatur
606 2672 772 2717 consultatio.

208 2777 274 2820 110.
294 2779 441 2822 aleatores
464 2776 562 2820 etiam
581 2794 606 2812 =
624 2777 704 2822 ctiam
723 2777 847 2831 rhetores,
862 2790 931 2823 come
946 2779 955 2824 i
968 2779 1064 2827 filosofi.
1077 2804 1105 2812 -
1118 2783 1197 2826 hac...

142 2847 313 2899 divisione,
328 2847 376 2891 obl.
396 2847 419 2890 di
441 2850 562 2892 ntnntnr.
579 2870 606 2877 -
624 2849 657 2892 in
678 2848 883 2894 instituenda
901 2867 928 2886 =
945 2850 987 2895 nel
1006 2850 1053 2896 der
1070 2849 1169 2907 precetti
1181 2845 1199 2891 di

140 2917 253 2963 retorico.
263 2940 289 2949 —
299 2919 421 2963 indicio
431 2938 457 2955 =
466 2930 512 2972 per
522 2922 639 2963 sentenza
650 2918 675 2962 di
689 2919 795 2972 giudice.
808 2942 834 2952 -
848 2922 983 2966 carente
997 2920 1200 2978 defrinaenie.

141 2989 185 3033 Chi
199 3002 303 3034 moveva
316 2989 359 3034 lite
374 3004 390 3034 o
404 3004 437 3034 un
452 2989 514 3034 altro
525 2990 566 3043 pel
580 3002 696 3043 possesso
707 2989 732 3034 di
746 3004 779 3034 un
792 2990 894 3046 podere,
906 3004 938 3036 ne
953 2992 1071 3047 epieoeve
1087 3006 1120 3039 un
1135 3002 1200 3038 rame·

140 3062 216 3107 scelte
232 3061 347 3116 d’elbero‚
361 3075 374 3105 e
390 3075 436 3106 eon
450 3065 546 3116 questo,
560 3061 605 3106 ebe
620 3074 663 3106 ere
678 3074 747 3106 come
761 3061 779 3105 il
789 3060 893 3107 simbolo
904 3062 930 3107 di
939 3066 1004 3109 tutte
1018 3064 1043 3110 le
1058 3077 1118 3111 coeo
1129 3073 1201 3120 poese-

140 3131 208 3186 dnto,
221 3133 242 3177 ei
255 3138 405 3186 presentato
424 3133 448 3177 al
466 3136 573 3186 pretore,
593 3144 640 3186 per
657 3145 820 3185 promuovere
839 3131 864 3176 le
882 3132 933 3178 lite.
946 3132 1080 3180 Sarcnlne
1098 3132 1203 3180 benabet

139 3205 298 3260 polloncello,
314 3204 629 3258 germoglio.v.11‚ata.-
640 3203 796 3258 obtinent,
811 3207 907 3258 atone
921 3205 955 3249 id
968 3206 1074 3261 ipsum
1090 3204 1200 3252 lacinia

139 3292 166 3310 =
180 3275 204 3320 lo
218 3279 326 3329 tengono
341 3275 390 3320 essi
405 3289 420 3320 a
428 3289 501 3329 pene,
511 3272 564 3318 diro
575 3272 653 3327 quasi,
663 3273 705 3327 pel
715 3273 795 3319 lembo
806 3273 872 3319 della
881 3278 950 3320 veste
960 3277 1087 3329 (lacinia).
1102 3274 1201 3322 Lacinia

139 3346 195 3389 vole
209 3345 407 3400 propriemente:
418 3346 531 3402 francia
546 3344 590 3389 obe
606 3344 626 3388 ei
641 3344 747 3398 appioce
762 3344 856 3390 oll'orlo
872 3344 938 3391 delle
951 3351 1033 3402 veste;
1047 3347 1089 3403 poi
1104 3341 1202 3401 significo

140 3416 213 3460 l'orlo
228 3415 252 3459 di
267 3430 323 3460 essa
338 3429 351 3460 e
366 3415 439 3460 infine
454 3417 479 3461 le
493 3420 567 3460 veste.
581 3439 607 3445 -
626 3414 803 3460 Philonem.
816 3415 881 3461 Nato
896 3429 911 3460 e
924 3416 1032 3472 Larisae,
1046 3417 1073 3463 t'u
1087 3415 1202 3471 dieeepolo

140 3485 165 3528 di
180 3485 315 3530 Clitoineco
335 3500 347 3530 e
367 3486 482 3540 Principe
498 3484 690 3531 doll’Acodemie
704 3484 734 3530 od
745 3484 855 3540 insigne,
871 3487 963 3533 endeto
978 3501 993 3532 a
1006 3488 1091 3543 Roma,
1105 3487 1175 3534 anche
1190 3497 1202 3527 a

140 3552 257 3599 Cicerone
272 3555 376 3600 filosofia
391 3570 404 3600 e
419 3557 533 3601 retorioe.
548 3580 576 3587 -
589 3557 776 3601 celebratur
794 3575 821 3592 =
840 3555 853 3601 e
872 3556 897 3601 in
915 3571 989 3612 vogn.
1008 3582 1035 3591 -—
1053 3559 1086 3605 in
1101 3559 1201 3615 prima

140 3626 211 3669 arte
228 3626 390 3670 tradenda
404 3644 430 3662 =
444 3627 633 3680 nell‘ineegnere
647 3627 655 3670 i
670 3627 743 3681 primi
753 3619 874 3672 'elementi
888 3627 1201 3675 danbrun-attactam

141 3694 248 3739 doceri
262 3713 288 3730 =
303 3693 488 3741 ebbondonarlo
503 3696 568 3750 dopo
584 3697 668 3741 averni
682 3701 755 3751 posto
769 3711 849 3743 mano.
862 3720 888 3729 -
902 3699 1172 3756 intelleaantnr=
1184 3691 1202 3737 si

140 3764 288 3819 comprendo
303 3763 366 3808 bene
382 3763 426 3809 ohe
442 3765 527 3813 essi...
545 3789 571 3797 -
585 3767 721 3822 indicio,
734 3768 931 3823 pensitatione,
944 3773 1001 3815 sott
1014 3771 1125 3817 reticere.

169 3875 246 3933 cap.
268 3872 398 3922 xxlx.
420 3898 448 3905 -
466 3874 531 3921 111.
551 3874 656 3928 babet,
674 3877 836 3918 animate-
849 3877 1003 3919 notneom
1020 3870 1202 3932 ambiaeadi,
