2526 4246
264 153 306 192 nu
324 152 468 193 onuronn
486 151 547 192 ure.
567 153 591 204 1,
610 150 680 194 oar.
699 152 829 204 xx-xxr,
849 154 937 202 tot-97
1100 140 1152 216 49ι

64 259 270 344 pertinerent,
294 259 389 324 lontes
416 259 519 322 animo
548 276 581 323 ae
610 257 757 322 memoria
786 257 963 324 contineret.
987 257 1019 325 ld
1041 259 1064 324 si
1089 269 1134 325 est

64 362 189 427 difficile
205 361 305 438 nobie,
323 361 404 445 quod
426 371 506 438 ante,
523 358 667 445 quemad
683 359 860 426 discendum
876 360 1002 447 ingressi
1018 381 1132 437 sumus,

63 463 230 529 obruimur
251 463 417 528 ambitione
439 472 469 528 et
491 462 565 539 foro,
589 461 627 526 sit
649 470 752 526 tamen
774 461 807 525 in
830 482 863 527 re
884 463 1017 548 positum
1043 473 1134 548 atque

65 576 183 632 natura.
231 564 291 652 ligo
313 565 405 643 enim,
428 574 577 650 quantum
603 584 735 650 auguror
761 564 931 631 coniectura
961 575 1133 650 quantaque
1158 577 1195 631 95

66 668 189 752 ingenia
206 667 239 732 in
263 666 374 732 nostris
397 666 572 731 hominibus
586 686 651 731 esse
666 665 765 750 video,
781 685 843 730 non
859 665 987 752 despero
1002 666 1066 732 fore
1082 667 1133 731 ali-

65 789 155 854 quem
174 768 353 854 aliquando,
369 770 419 854 qui
436 779 466 833 et
480 768 579 834 studio
594 768 718 844 acriore,
734 787 824 852 quam
848 788 902 833 nos
925 788 1028 834 sumus
1043 779 1134 853 atque

66 873 188 949 luimus
214 881 245 936 et
267 871 327 936 otio
349 891 382 936 ac
407 871 547 937 facultate
568 869 703 935 discendi
725 869 840 935 maiore
862 891 895 935 ac
916 872 1081 936 maturiore
1104 880 1134 936 et
1215 882 1218 887 '

66 976 169 1040 labore
192 984 286 1058 atque
309 973 455 1038 industria
477 972 643 1058 superiore,
666 992 735 1037 oum
757 992 789 1037 se
811 971 848 1037 ad
875 973 1070 1049 audiendum,
1095 975 1134 1039 le·

66 1077 202 1161 gendum
226 1074 480 1159 scribendumque
501 1074 627 1152 dederit,
644 1073 767 1139 exsistat
788 1072 857 1137 talis
879 1085 990 1152 orator,
1011 1078 1133 1159 qualem

67 1178 255 1263 quaerimus,
278 1177 330 1261 qui
353 1177 418 1241 iure
440 1197 501 1241 non
524 1178 623 1241 solum
645 1176 785 1251 disertus,
808 1175 860 1240 sed
882 1178 973 1241 etiam
989 1179 1134 1262 eloquens

66 1279 121 1346 dici
144 1279 260 1365 possit;
285 1278 334 1363 qui
359 1289 460 1344 tamen
479 1299 546 1343 mea
561 1278 711 1343 sententia
726 1286 778 1342 aut
801 1277 849 1342 hic
863 1289 908 1342 est
927 1279 988 1342 iarn
1011 1278 1134 1344 Crassus
1191 1330 1196 1343 .

67 1393 124 1459 aut,
141 1383 168 1446 si
185 1381 256 1466 quis
270 1380 337 1466 pari
361 1381 450 1445 luerit
473 1381 594 1466 ingenio
608 1382 759 1466 pluraque
781 1398 872 1463 quam
892 1380 941 1445 hic
955 1391 985 1444 et
1004 1380 1134 1445 audierit

66 1495 93 1548 et
111 1483 257 1550 lectitarit
272 1492 302 1548 et
322 1483 483 1567 scripserit,
501 1488 628 1570 paulum
660 1483 719 1549 huo
741 1481 857 1567 aliquid
878 1484 990 1567 poterit
1011 1482 1132 1548 addere.
1193 1472 1196 1476 ⁴

105 1587 167 1652 Hoc
192 1588 257 1650 loco
280 1584 438 1670 Sulpicius,
462 1585 639 1670 insperanti,
664 1586 772 1671 inquit,
795 1585 872 1649 milri
896 1595 925 1649 et
947 1584 1058 1662 Cottae,
1080 1585 1132 1650 sed
1159 1597 1194 1649 96

66 1690 154 1754 valde
177 1688 297 1773 optanti
311 1688 433 1773 utrique
448 1700 585 1753 nostrum
607 1688 722 1764 cecidit,
737 1697 771 1753 ut
788 1688 820 1751 in
844 1688 935 1753 istum
950 1708 1132 1767 sermonem,

64 1791 181 1867 Crasse,
198 1789 428 1855 delaberemini.
444 1788 534 1855 Nobis
552 1791 633 1855 enim
658 1791 717 1855 huc
731 1789 924 1855 venientibus
938 1790 1009 1855 satis
1031 1791 1134 1857 iucun-

64 1893 139 1959 dum
163 1892 229 1958 lore
248 1891 417 1970 videbatur,
440 1892 475 1969 si,
498 1913 565 1958 cum
582 1913 635 1957 uos
656 1891 695 1957 de
717 1892 808 1957 rebus
830 1892 897 1956 aliis
920 1894 1133 1976 loqueremini,

64 2006 169 2059 tamen
192 2013 249 2060 nos
270 1993 386 2079 aliquid
408 2013 445 2059 ex
467 2014 607 2060 sermone
629 2004 729 2059 restro
751 1994 898 2059 memoria
923 1995 1047 2082 dignum
1059 1995 1134 2060 exci-

62 2117 139 2181 pere
160 2115 333 2182 possemus;
356 2106 390 2162 ut
411 2116 484 2161 vero
509 2097 631 2182 penitus
653 2097 686 2160 in
714 2115 780 2162 earu
803 2097 900 2182 ipsam
926 2096 1016 2162 totius
1043 2097 1134 2162 huius

62 2200 112 2264 vel
122 2199 214 2264 studii
228 2199 276 2263 vel
289 2198 408 2263 artificii
421 2199 469 2263 vel
482 2198 630 2263 facultatis
639 2198 874 2283 disputationem
887 2219 984 2284 paene
994 2199 1133 2263 intimam

63 2299 222 2375 veniretis,
246 2300 298 2363 vix
320 2299 487 2385 optandum
510 2300 597 2364 nobis
618 2299 787 2365 videbatur.
830 2301 887 2385 Ego
910 2301 1003 2377 enirn,
1027 2301 1078 2385 qui
1095 2301 1132 2366 ab
1158 2317 1194 2370 97

63 2403 192 2466 ineunte
207 2410 305 2466 aetate
321 2401 461 2466 incensus
475 2420 573 2466 essem
589 2394 686 2466 studio
701 2402 858 2486 utriusque
871 2411 1015 2477 vestrum,
1035 2401 1132 2466 Crassi

63 2523 141 2568 vero
154 2503 248 2568 etiam
270 2523 382 2580 amore,
405 2524 474 2569 cum
496 2503 535 2568 ab
556 2523 591 2568 eo
614 2523 764 2588 nusquam
785 2502 981 2581 discederem,
1004 2503 1133 2570 verbum

62 2709 227 2762 eloquentem
237 2709 341 2752 omnino
350 2708 488 2759 nominem,
504 2707 578 2751 oom¹e
593 2706 678 2750 scritto
688 2705 713 2749 in
725 2704 827 2761 Orator,
836 2709 855 2760 5,
866 2709 898 2751 18.
917 2730 943 2737 -
964 2708 1007 2752 eit
1028 2711 1135 2752 tomen

61 2781 98 2824 in
119 2779 314 2841 repositum
336 2782 430 2832 atquo
450 2779 577 2821 notura.
600 2776 680 2821 Notisi
699 2775 744 2820 cho
763 2790 778 2820 e
796 2779 884 2829 queste
905 2791 975 2831 prop.
991 2778 1134 2823 concessive

62 2848 172 2903 precede
187 2848 205 2893 il
218 2848 282 2893 fatto
296 2847 363 2893 reale
382 2850 406 2892 ai
425 2851 462 2892 eat
482 2848 584 2901 difficile
601 2848 675 2891 nobie
698 2859 819 2900 espresso,
832 2847 922 2900 perone
937 2848 994 2902 tale,
1008 2862 1053 2892 eon
1067 2848 1134 2893 l'ind.

63 2919 161 2963 Intendi
171 2919 226 2972 poi:
237 2919 257 2962 si
267 2918 383 2972 concedo,
390 2918 410 2962 si
421 2921 537 2962 ammetta
546 2916 651 2962 tuttevie
661 2917 706 2960 ohe
715 2930 762 2961 non
774 2917 810 2960 siu
820 2918 917 2962 un'idou
926 2931 990 2962 rone
1000 2932 1013 2962 e
1023 2922 1134 2973 ostrattu,

62 3004 106 3033 me
121 2991 186 3034 reela
201 2990 239 3039 (in
253 2989 419 3043 repositum)
434 3002 447 3033 e
461 2987 564 3033 fondato
577 2987 602 3032 in
616 2991 712 3032 nature.

133 3094 185 3138 05.
201 3096 388 3147 quantoque
408 3092 580 3147 inuenio...
598 3092 693 3135 uideo.
721 3081 810 3135 Arcro
822 3091 881 3144 dire,
895 3092 1022 3136 l‘ermoniu
1037 3092 1075 3136 dol
1090 3106 1134 3146 pe-

64 3162 135 3207 riodo
150 3163 259 3207 arrebbe
274 3162 401 3207 riehiesto:
422 3166 446 3206 et
466 3166 596 3216 qualorum
616 3173 740 3214 a'ttpuror,
762 3162 872 3215 inuentis
893 3163 997 3216 meanis
1018 3176 1084 3216 quae
1104 3164 1133 3206 irc

64 3234 163 3278 neutris
177 3233 326 3277 hominibus
337 3233 471 3277 ooaeoideo
485 3255 512 3262 —
527 3233 680 3285 aliquarum
693 3231 808 3283 parocho
820 3231 936 3275 Cicerone
951 3231 1033 3283 voglio
1048 3244 1133 3276 occen-

66 3316 125 3346 nare
147 3318 163 3347 a
184 3302 212 3346 s'e
233 3308 318 3347 stesso.
338 3325 365 3333 -
381 3303 547 3356 facultate
569 3301 724 3354 discendi,
745 3300 909 3354 disposizione
927 3314 942 3344 o
961 3301 1091 3353 impurare.
1106 3323 1133 3334 -

65 3373 230 3418 lectitarit
251 3372 283 3417 da
298 3373 391 3426 lectito,
404 3372 585 3426 frequentativo
600 3372 625 3415 di
636 3373 705 3424 lecto,
719 3371 770 3415 olla
780 3385 824 3415 sue
833 3371 900 3416 voltu
915 3371 1095 3424 frequentativo
1107 3371 1132 3416 di

65 3443 134 3497 leqo;
147 3444 215 3487 vale:
230 3443 330 3496 leggere
345 3455 430 3496 spesso
445 3457 459 3488 e
474 3443 663 3488 assiduomente.

131 3545 185 3587 90.
207 3542 270 3587 Hoc
293 3544 359 3587 looo
379 3544 442 3587 --Α
458 3547 544 3596 questo
559 3547 644 3597 punto.
665 3565 692 3572 -
711 3540 904 3596 Irruperanto'
921 3562 948 3576 =
966 3543 1020 3587 Non
1034 3543 1127 3588 osendo

65 3615 135 3667 quasi
151 3627 252 3667 sperare
267 3613 311 3658 ohe
325 3613 419 3657 veniste
430 3618 497 3658 tanto
507 3615 687 3659 neturelmeute
698 3625 712 3654 o
723 3620 810 3664 questo
821 3613 937 3656 discorso.
951 3636 977 3643 -
992 3627 1059 3657 oum
1073 3626 1133 3667 voe,

68 3683 112 3736 Qui
126 3685 144 3728 il
159 3691 219 3728 cum
233 3683 246 3728 ὁ
261 3682 410 3738 concessivo,
424 3697 492 3728 como
507 3684 624 3729 dimostru
639 3681 716 3727 unche
731 3684 819 3727 tomen
835 3684 878 3727 che
894 3696 976 3734 segur.

132 3785 185 3828 97.
200 3784 263 3839 Epo
284 3785 373 3830 anim·
395 3784 417 3829 A
431 3788 517 3838 questo
532 3789 609 3839 punto
624 3785 641 3828 il
657 3782 766 3826 diseorso
781 3781 801 3826 si
816 3784 888 3836 volgo
900 3782 930 3826 ed
941 3782 1054 3830 Antonio,
1064 3795 1132 3827 come

66 3854 106 3907 poi
117 3855 137 3899 si
154 3866 240 3906 soorge
254 3854 343 3908 meglio
359 3854 424 3899 dalle
438 3855 524 3909 parole
539 3860 574 3911 tu,
587 3852 696 3900 Antoni.
709 3876 736 3884 -
750 3855 901 3902 studio...
918 3865 1037 3898 opturet
1050 3852 1141 3898 unse

108 4009 123 4048 a
148 4004 281 4050 crcaaours
298 4009 330 4053 do
346 4007 419 4055 Orat.
434 4011 567 4070 (Firmani)
585 4017 606 4064 L
