2526 4246
145 122 180 177 98
513 137 546 175 m.
566 137 671 175 'rurnnr
690 134 852 176 cronacum

145 242 221 307 ritus
242 263 286 317 es,
314 242 371 306 nisi
396 242 485 306 istam
508 252 604 307 artem
628 241 764 306 oratione
788 260 1006 327 exaggerasses,
1031 261 1069 306 ne
1093 260 1209 326 operam

67 352 117 406 235
138 344 336 429 ,perdidisses
361 344 420 409 Sed
443 364 497 430 ego
528 364 566 408 ne
594 363 662 408 eum
690 344 745 407 ista
773 343 898 428 quidem
924 353 988 408 arte
1016 362 1129 430 pugno.
1172 342 1210 406 Sit
1247 398 1251 403 .

144 467 218 512 sane
239 458 332 524 tanta,
356 457 502 532 quantam
527 458 556 512 tu
587 447 671 510 illam
701 466 766 511 esse
795 446 850 510 vis.
874 445 992 511 Etenim
1015 446 1081 510 sine
1103 456 1210 512 contro·
1249 460 1255 561 p

145 550 244 615 versia
273 561 303 614 et
332 570 440 635 magna
472 560 516 614 est
544 559 573 614 et
601 552 659 614 lale
681 559 763 634 patet
786 559 816 614 et
838 549 875 613 ad
899 551 1011 614 multos
1033 549 1166 634 pertinet
1185 560 1209 613 et
1252 564 1255 623 t

145 673 264 718 summo
287 654 318 717 in
343 653 459 718 honore
482 673 603 737 semper
625 653 681 717 luit
706 662 736 716 et
765 651 922 716 clarissimi
953 652 1034 717 cives
1060 653 1087 717 ei
1120 650 1210 717 studio
1252 724 1255 761 Ι

145 756 237 821 etiam
253 755 343 820 hodie
359 767 517 841 praesunt;
535 755 587 820 sed
603 754 682 831 vide,
699 753 719 819 s
723 775 813 830 rasse,
831 775 878 831 ne,
896 754 969 820 dum
984 775 1065 821 novo
1077 765 1107 820 et
1118 755 1211 819 alieno
1252 774 1255 823 ;

144 869 253 923 ornatu
280 859 356 923 nelis
384 879 494 923 ornare
523 859 598 924 iuris
621 858 718 923 civilis
740 857 907 933 seientiam,
931 877 985 922 suo
1007 878 1129 943 quoque
1150 876 1211 922 eam
1253 850 1255 929 J

66 966 118 1019 236
144 981 283 1026 concesso
306 971 335 1026 et
347 960 458 1025 tradito
474 961 584 1046 spolies
599 971 689 1045 atque
704 960 849 1025 denudes.
894 959 978 1037 Nam,
995 961 1018 1025 si
1037 961 1078 1026 ita
1093 962 1210 1035 diceres,

145 1065 196 1149 qui
212 1064 455 1129 iurisconsultus
471 1074 557 1140 esset,
574 1084 638 1129 esse
656 1083 727 1128 eum
743 1073 904 1140 oratorem,
922 1064 1056 1149 itemque
1073 1064 1124 1149 qui
1140 1074 1210 1128 esset

144 1176 261 1242 orator,
291 1167 366 1230 iuris
395 1166 527 1231 eundem
557 1187 622 1231 esse
643 1167 826 1241 consultum,
848 1168 1021 1250 praeclaras
1043 1166 1117 1232 duas
1139 1179 1213 1230 artes

144 1270 341 1334 constitueres
363 1280 453 1354 atque
471 1269 551 1333 inter
574 1290 605 1334 se
627 1289 717 1354 pares
740 1279 769 1333 et
792 1269 928 1334 eiusdem
945 1269 1038 1335 socias
1053 1269 1212 1355 dignitatis

144 1371 228 1437 Nunc
250 1392 323 1437 vero
345 1372 420 1437 iuris
442 1374 613 1437 consultum
636 1372 701 1436 sine
725 1372 979 1457 hac‘eloquentia,
998 1373 1037 1438 de
1052 1394 1110 1458 qua
1131 1393 1214 1458 quae·

145 1475 250 1551 rimus,
275 1474 376 1539 lateris
399 1495 463 1539 esse
485 1495 572 1559 posse
595 1474 928 1559 fuissequ‘o'plurimom
947 1483 1100 1539 oratorem
1116 1495 1214 1560 negas,

144 1578 202 1643 nisi
225 1579 310 1642 illam
329 1578 485 1643 scientiam
501 1576 713 1661 adsumpserit,
733 1597 797 1641 esse
811 1576 973 1662 posse.‘lta
996 1588 1041 1642 est
1063 1577 1115 1642 tibi
1143 1577 1215 1643 iuris

114 1721 117 1728 -
144 1682 297 1745 consultus
324 1680 389 1764 ipse
415 1700 471 1765 per
498 1699 529 1743 se
558 1680 636 1743 nihil
665 1679 722 1743 nisi
747 1680 895 1764 leguleius
916 1679 1041 1765 quidam
1064 1690 1215 1746 cantuset

144 1794 256 1858 acutus,
279 1802 387 1866 praeco
411 1782 573 1858 actionum,
596 1793 701 1847 cantor
725 1782 936 1859 formularum,
960 1802 1069 1868 auceps
1093 1784 1217 1868 syllaba-

79 1891 82 1896 '
145 1905 227 1961 rum;
256 1884 321 1959 sed,
354 1884 424 1968 quia
451 1904 542 1968 saepe
564 1884 661 1949 utitur
679 1895 780 1949 orator
803 1884 937 1949 subsidio
960 1884 1035 1950 iuris
1059 1885 1089 1949 in
1111 1886 1216 1963 causis,

144 1987 253 2051 idcirco
276 1986 365 2049 istam
388 1986 463 2050 iuris
485 1987 640 2051 scientiam
664 1987 855 2072 eloquentiae
871 1998 1025 2072 tamquam
1041 1988 1217 2055 ancillulam

144 2089 403 2174 pedisequamque
425 2088 600 2153 adiunxisti.

101 2199 117 2213 ⁶
187 2193 274 2259 nvi.
299 2191 385 2274 Quod
409 2212 480 2256 vero
503 2191 725 2277 impudentiam
748 2191 915 2257 admiratus
937 2211 968 2256 es
990 2213 1097 2257 eorum
1120 2205 1217 2279 patro-

145 2315 269 2371 norum,
293 2294 432 2379 quiunt,
456 2315 524 2359 oum
547 2316 641 2379 parva
665 2294 829 2367 nescirent,
855 2314 963 2380 magna
986 2295 1216 2379 profiterentur.

145 2407 261 2474 autea,
286 2417 363 2482 quae
386 2397 518 2461 maxima
542 2408 642 2462 essent
666 2397 696 2460 in
720 2396 786 2460 iure
809 2396 901 2473 civili,
925 2406 1053 2462 tractare
1069 2398 1216 2464 auderent

145 2501 176 2564 in
199 2500 304 2573 causis,
320 2520 388 2564 curn
405 2519 439 2563 ea
455 2500 606 2564 nescirent
623 2519 842 2584 nunquamque
858 2498 1042 2576 didicissent,
1058 2501 1215 2586 utriusque

145 2602 189 2666 rei
212 2602 306 2665 l'acilis
328 2612 373 2666 est
394 2611 424 2666 et
445 2612 585 2686 prompta
609 2600 753 2665 delensio.
777 2601 852 2665 Nam
875 2621 974 2686 neque
996 2601 1074 2668 illud
1096 2613 1142 2667 est
1163 2603 1214 2667 mi-

145 2703 286 2779 randum,
303 2703 364 2786 qni,
382 2703 491 2786 quibus
509 2703 609 2767 verbis
624 2704 772 2788 coemptio
790 2703 851 2779 frat,
867 2704 989 2776 nesciat,
1005 2704 1138 2770 eundem
1153 2705 1213 2770 eius

144 2896 210 2940 vale:
226 2898 375 2947 promotore,
389 2894 418 2939 ed
435 2893 466 2937 liu
480 2893 497 2936 il
512 2907 567 2946 gen.
577 2907 633 2946 ogg.
643 2894 731 2938 studii.
746 2917 773 2924 -
787 2894 889 2940 nisi...
904 2907 1135 2949 ecauqerasoes
1149 2917 1175 2930 ω
1188 2908 1210 2939 se

143 2980 191 3010 non
207 2965 303 3009 l'aressi
319 2965 471 3009 accreditoto
485 2965 548 3009 colle
564 2969 605 3009 tue
620 2964 677 3010 lodi.

210 3055 284 3098 235.
301 3053 327 3097 ci
346 3054 669 3107 studio...pracsuut.
686 3053 915 3102 Vsmmsnm-
929 3053 1061 3104 ouolsott.
1071 3057 1206 3104 ornatu)...

144 3137 291 3169 concesso
313 3127 341 3168 et
366 3125 491 3169 tradito
505 3144 531 3159 =
546 3124 746 3168 dell'ornomento
762 3137 806 3168 suo
821 3123 923 3177 proprio
938 3138 951 3167 e
966 3137 1014 3169 non
1029 3134 1137 3171 conteso.

210 3214 284 3257 236.
301 3213 392 3257 Nunc
407 3226 478 3257 vero
492 3234 518 3246 ==
534 3227 572 3256 mu
587 3226 637 3256 ora.
654 3215 734 3255 -est
756 3213 815 3255 titt
830 3212 895 3264 (dat.
910 3213 1019 3260 ethicus)
1034 3213 1082 3256 πὸ
1097 3227 1112 3258 u
1122 3217 1162 3258 tuo
1172 3225 1209 3256 sr-

142 3284 203 3329 viso.
223 3307 247 3314 -
265 3285 274 3327 l
281 3284 384 3337 apulei
391 3298 425 3328 ue
441 3283 504 3328 echi
519 3296 622 3328 conoseo
638 3284 690 3325 solo
706 3282 712 3325 i
728 3283 791 3326 titoll
807 3282 871 3326 delle
887 3282 959 3335 leggi,
975 3283 997 3326 le
1015 3282 1119 3329 formole
1133 3284 1157 3329 in
1169 3294 1209 3327 uso

143 3354 182 3398 nei
193 3353 308 3398 tribunali
325 3355 371 3398 ele
383 3354 444 3398 ultre
459 3353 596 3408 procedure
612 3353 710 3397 lorensi.
725 3378 750 3383 -
764 3366 880 3408 praeco
905 3353 1082 3408 actionum,
1100 3354 1116 3398 il
1130 3352 1209 3399 bundi-

143 3428 195 3468 tore
206 3424 230 3467 di
241 3424 325 3476 quella
340 3424 423 3476 speeie
439 3424 462 3467 di
474 3436 563 3467 accuse
574 3423 706 3474 (artiones)
718 3423 762 3466 ohe
771 3423 790 3465 si
801 3423 927 3466 dorovnno
937 3436 1052 3468 muorere
1065 3424 1089 3468 in
1099 3428 1164 3470 oerte
1174 3422 1210 3467 dr·
1251 3424 1255 3439 ¹

143 3493 272 3538 terminate
284 3507 371 3547 couse3
385 3495 429 3546 pfl
442 3496 485 3538 186,
495 3517 521 3523 -
535 3497 649 3537 carator
669 3494 901 3546 formularum,
917 3499 1108 3539 ronrmentatoro
1117 3498 1210 3548 (cantor
1253 3492 1255 3497 '

142 3564 232 3608 dieitur
246 3564 288 3616 qui
299 3563 394 3617 aliquid
409 3577 484 3617 saepe
495 3563 554 3608 dicit
569 3568 593 3607 et
608 3563 723 3614 inculcat)
739 3563 762 3607 di
773 3568 839 3608 corte
850 3564 952 3608 t'ormule
968 3564 1064 3608 solenni
1075 3565 1115 3610 del
1126 3565 1210 3613 diritto.
1253 3564 1255 3569 '

142 3634 208 3678 (lette
224 3634 351 3677 carmina.
370 3655 397 3664 -
411 3646 527 3688 azrceps
551 3634 769 3687 syllabarum,
784 3634 821 3678 chi
838 3649 867 3678 ru
883 3633 1004 3678 orreondo
1018 3634 1084 3679 nelle
1094 3635 1185 3689 parole,
1198 3648 1208 3677 o

141 3705 173 3749 lin
188 3703 251 3748 nollo
269 3703 356 3748 sillobe
372 3704 459 3748 enelle
474 3704 576 3756 ringolo,
587 3719 610 3758 p.
621 3718 661 3756 es..
672 3704 695 3748 di
706 3719 738 3748 nn
754 3707 908 3753 testamento,
923 3704 1034 3758 oppiglio
1049 3718 1095 3758 per
1110 3706 1210 3759 litigare.
1249 3752 1255 3763 1

182 3792 256 3843 cap.
273 3792 390 3835 nvl.--
400 3791 470 3835 2³7.
509 3806 719 3847 quoquumque,
735 3791 1209 3847 porrosetonequenttquamtsmolt
1249 3792 1255 3847 ἦ

134 3886 159 3894 -
168 3863 329 3916 coemptio
344 3861 415 3906 euna
423 3862 532 3907 muniere
543 3862 566 3906 di
578 3869 703 3908 contraire
712 3863 874 3916 matrimonio,
883 3863 945 3908 lutto
956 3876 1000 3916 per
1009 3876 1127 3918 compono
1134 3863 1208 3908 vicen·
1246 3852 1255 3889 '·

1251 3974 1255 4045 l
