<?xml version="1.0" encoding="UTF-8"?>
<!DOCTYPE html PUBLIC "-//W3C//DTD XHTML 1.0 Transitional//EN"
    "http://www.w3.org/TR/xhtml1/DTD/xhtml1-transitional.dtd">
<html xmlns="http://www.w3.org/1999/xhtml" xml:lang="en" lang="en">
 <head>
  <title>
</title>
<meta http-equiv="Content-Type" content="text/html;charset=utf-8" />
  <meta name='ocr-system' content='tesseract 3.04.00' />
  <meta name='ocr-capabilities' content='ocr_page ocr_carea ocr_par ocr_line ocrx_word'/>
</head>
<body>
  <div class='ocr_page' id='page_1' title='image "./deoratorelibrit00firmgoog_0059.png"; bbox 0 0 2526 4246; ppageno 0'>
   <div class='ocr_carea' id='block_1_1' title="bbox 145 114 927 182">
    <p class='ocr_par' dir='ltr' id='par_1_1' title="bbox 145 114 927 182">
     <span class='ocr_line' id='line_1_1' title="bbox 145 114 927 182; baseline -0.006 0"><span class='ocrx_word' id='word_1_1' title='bbox 145 128 180 182; x_wconf 80' lang='lat'>54</span> <span class='ocrx_word' id='word_1_2' title='bbox 271 164 274 171; x_wconf 84' lang='lat'>-</span> <span class='ocrx_word' id='word_1_3' title='bbox 509 139 542 178; x_wconf 82' lang='lat' dir='ltr'>ru.</span> <span class='ocrx_word' id='word_1_4' title='bbox 561 139 666 178; x_wconf 76' lang='lat' dir='ltr'>aucun</span> <span class='ocrx_word' id='word_1_5' title='bbox 684 137 846 180; x_wconf 77' lang='lat' dir='ltr'>cressoms</span> <span class='ocrx_word' id='word_1_6' title='bbox 923 114 927 122; x_wconf 83' lang='lat'>&#39;</span> 
     </span>
    </p>
   </div>
   <div class='ocr_carea' id='block_1_2' title="bbox 20 243 1215 2168">
    <p class='ocr_par' dir='ltr' id='par_1_2' title="bbox 146 243 1210 329">
     <span class='ocr_line' id='line_1_2' title="bbox 146 243 1210 329; baseline -0.001 -19"><span class='ocrx_word' id='word_1_7' title='bbox 146 245 238 323; x_wconf 91' lang='lat' dir='ltr'>rudis,</span> <span class='ocrx_word' id='word_1_8' title='bbox 262 245 368 309; x_wconf 84' lang='lat' dir='ltr'>videar</span> <span class='ocrx_word' id='word_1_9' title='bbox 388 264 450 309; x_wconf 90' lang='lat' dir='ltr'>non</span> <span class='ocrx_word' id='word_1_10' title='bbox 474 245 538 329; x_wconf 90' lang='lat' dir='ltr'>ipse</span> <span class='ocrx_word' id='word_1_11' title='bbox 560 265 577 308; x_wconf 89' lang='lat' dir='ltr'>a</span> <span class='ocrx_word' id='word_1_12' title='bbox 599 264 649 308; x_wconf 92' lang='lat' dir='ltr'>me</span> <span class='ocrx_word' id='word_1_13' title='bbox 671 243 786 328; x_wconf 89' lang='lat' dir='ltr'>aliquid</span> <span class='ocrx_word' id='word_1_14' title='bbox 807 243 991 329; x_wconf 80' lang='lat' dir='ltr'>promisisse,</span> <span class='ocrx_word' id='word_1_15' title='bbox 1014 243 1066 311; x_wconf 90' lang='lat' dir='ltr'>sed</span> <span class='ocrx_word' id='word_1_16' title='bbox 1088 244 1210 312; x_wconf 86' lang='lat' dir='ltr'>fortuito</span> 
     </span>
    </p>

    <p class='ocr_par' dir='ltr' id='par_1_3' title="bbox 70 344 1212 433">
     <span class='ocr_line' id='line_1_3' title="bbox 70 344 1212 433; baseline 0.001 -23"><span class='ocrx_word' id='word_1_17' title='bbox 70 355 120 410; x_wconf 76' lang='lat'>112</span> <span class='ocrx_word' id='word_1_18' title='bbox 146 349 176 413; x_wconf 92' lang='lat' dir='ltr'>in</span> <span class='ocrx_word' id='word_1_19' title='bbox 194 367 365 413; x_wconf 88' lang='lat' dir='ltr'>sermonem</span> <span class='ocrx_word' id='word_1_20' title='bbox 382 358 517 411; x_wconf 84' lang='lat' dir='ltr'>vestrum</span> <span class='ocrx_word' id='word_1_21' title='bbox 530 346 679 410; x_wconf 81' lang='lat' dir='ltr'>incidisse.</span> <span class='ocrx_word' id='word_1_22' title='bbox 717 345 873 430; x_wconf 80' lang='lat' dir='ltr'>Equidem,</span> <span class='ocrx_word' id='word_1_23' title='bbox 886 344 954 412; x_wconf 88' lang='lat' dir='ltr'>cum</span> <span class='ocrx_word' id='word_1_24' title='bbox 968 357 1106 432; x_wconf 83' lang='lat' dir='ltr'>peterem</span> <span class='ocrx_word' id='word_1_25' title='bbox 1120 348 1212 433; x_wconf 85' lang='lat' dir='ltr'>magi·</span> 
     </span>
    </p>

    <p class='ocr_par' dir='ltr' id='par_1_4' title="bbox 146 447 1211 533">
     <span class='ocr_line' id='line_1_4' title="bbox 146 447 1211 533; baseline 0 -19"><span class='ocrx_word' id='word_1_26' title='bbox 146 460 283 526; x_wconf 87' lang='lat' dir='ltr'>stratum,</span> <span class='ocrx_word' id='word_1_27' title='bbox 300 448 433 513; x_wconf 83' lang='lat' dir='ltr'>solebam</span> <span class='ocrx_word' id='word_1_28' title='bbox 449 449 482 513; x_wconf 94' lang='lat' dir='ltr'>in</span> <span class='ocrx_word' id='word_1_29' title='bbox 494 447 668 533; x_wconf 78' lang='lat' dir='ltr'>prensando</span> <span class='ocrx_word' id='word_1_30' title='bbox 679 447 833 513; x_wconf 84' lang='lat' dir='ltr'>dimittere</span> <span class='ocrx_word' id='word_1_31' title='bbox 848 469 865 512; x_wconf 93' lang='lat' dir='ltr'>a</span> <span class='ocrx_word' id='word_1_32' title='bbox 880 468 930 514; x_wconf 91' lang='lat' dir='ltr'>me</span> <span class='ocrx_word' id='word_1_33' title='bbox 942 449 1126 527; x_wconf 88' lang='lat' dir='ltr'>Scaevolam,</span> <span class='ocrx_word' id='word_1_34' title='bbox 1142 466 1211 516; x_wconf 89' lang='lat' dir='ltr'>cum</span> 
     </span>
    </p>

    <p class='ocr_par' dir='ltr' id='par_1_5' title="bbox 145 549 1211 635">
     <span class='ocr_line' id='line_1_5' title="bbox 145 549 1211 635; baseline -0.001 -19"><span class='ocrx_word' id='word_1_35' title='bbox 145 552 186 616; x_wconf 88' lang='lat' dir='ltr'>ita</span> <span class='ocrx_word' id='word_1_36' title='bbox 202 552 230 616; x_wconf 90' lang='lat' dir='ltr'>ei</span> <span class='ocrx_word' id='word_1_37' title='bbox 245 551 386 627; x_wconf 86' lang='lat' dir='ltr'>dicerem,</span> <span class='ocrx_word' id='word_1_38' title='bbox 402 571 452 616; x_wconf 91' lang='lat' dir='ltr'>me</span> <span class='ocrx_word' id='word_1_39' title='bbox 471 552 551 615; x_wconf 88' lang='lat' dir='ltr'>velle</span> <span class='ocrx_word' id='word_1_40' title='bbox 565 570 629 615; x_wconf 91' lang='lat' dir='ltr'>esse</span> <span class='ocrx_word' id='word_1_41' title='bbox 644 550 792 634; x_wconf 88' lang='lat' dir='ltr'>ineptum,</span> <span class='ocrx_word' id='word_1_42' title='bbox 808 549 927 627; x_wconf 79' lang='lat' dir='ltr'>lieret,</span> <span class='ocrx_word' id='word_1_43' title='bbox 943 561 1047 635; x_wconf 89' lang='lat' dir='ltr'>petere</span> <span class='ocrx_word' id='word_1_44' title='bbox 1058 550 1211 627; x_wconf 85' lang='lat' dir='ltr'>blandius,</span> 
     </span>
    </p>

    <p class='ocr_par' dir='ltr' id='par_1_6' title="bbox 144 651 1212 738">
     <span class='ocr_line' id='line_1_6' title="bbox 144 651 1212 738; baseline -0.001 -19"><span class='ocrx_word' id='word_1_45' title='bbox 144 653 236 738; x_wconf 90' lang='lat' dir='ltr'>quod,</span> <span class='ocrx_word' id='word_1_46' title='bbox 259 653 318 718; x_wconf 89' lang='lat' dir='ltr'>nisi</span> <span class='ocrx_word' id='word_1_47' title='bbox 341 652 443 737; x_wconf 89' lang='lat' dir='ltr'>inepte</span> <span class='ocrx_word' id='word_1_48' title='bbox 465 651 561 728; x_wconf 84' lang='lat' dir='ltr'>fieret,</span> <span class='ocrx_word' id='word_1_49' title='bbox 585 652 663 716; x_wconf 90' lang='lat' dir='ltr'>bene</span> <span class='ocrx_word' id='word_1_50' title='bbox 686 671 747 716; x_wconf 93' lang='lat' dir='ltr'>nou</span> <span class='ocrx_word' id='word_1_51' title='bbox 777 662 878 736; x_wconf 85' lang='lat' dir='ltr'>posset</span> <span class='ocrx_word' id='word_1_52' title='bbox 900 653 975 717; x_wconf 88' lang='lat' dir='ltr'>lieri.</span> <span class='ocrx_word' id='word_1_53' title='bbox 999 651 1085 718; x_wconf 89' lang='lat' dir='ltr'>Hunc</span> <span class='ocrx_word' id='word_1_54' title='bbox 1108 662 1212 718; x_wconf 90' lang='lat' dir='ltr'>autem</span> 
     </span>
    </p>

    <p class='ocr_par' dir='ltr' id='par_1_7' title="bbox 145 753 1214 840">
     <span class='ocr_line' id='line_1_7' title="bbox 145 753 1214 840; baseline 0.002 -22"><span class='ocrx_word' id='word_1_55' title='bbox 145 775 266 839; x_wconf 89' lang='lat' dir='ltr'>semper</span> <span class='ocrx_word' id='word_1_56' title='bbox 288 755 416 820; x_wconf 88' lang='lat' dir='ltr'>iudicavi</span> <span class='ocrx_word' id='word_1_57' title='bbox 440 754 596 818; x_wconf 90' lang='lat' dir='ltr'>hominem</span> <span class='ocrx_word' id='word_1_58' title='bbox 612 774 677 818; x_wconf 87' lang='lat' dir='ltr'>esse</span> <span class='ocrx_word' id='word_1_59' title='bbox 698 772 795 819; x_wconf 93' lang='lat' dir='ltr'>unum</span> <span class='ocrx_word' id='word_1_60' title='bbox 817 773 855 818; x_wconf 85' lang='lat' dir='ltr'>ex</span> <span class='ocrx_word' id='word_1_61' title='bbox 877 753 1028 831; x_wconf 88' lang='lat' dir='ltr'>omnibus,</span> <span class='ocrx_word' id='word_1_62' title='bbox 1045 775 1106 839; x_wconf 89' lang='lat' dir='ltr'>quo</span> <span class='ocrx_word' id='word_1_63' title='bbox 1127 775 1214 840; x_wconf 78' lang='lat' dir='ltr'>prae</span> 
     </span>
    </p>

    <p class='ocr_par' dir='ltr' id='par_1_8' title="bbox 145 856 1213 947">
     <span class='ocr_line' id='line_1_8' title="bbox 145 856 1213 947; baseline 0 -25"><span class='ocrx_word' id='word_1_64' title='bbox 145 868 230 922; x_wconf 90' lang='lat' dir='ltr'>sente</span> <span class='ocrx_word' id='word_1_65' title='bbox 245 877 298 942; x_wconf 60' lang='lat' dir='ltr'>egro</span> <span class='ocrx_word' id='word_1_66' title='bbox 312 858 451 941; x_wconf 87' lang='lat' dir='ltr'>ineptum</span> <span class='ocrx_word' id='word_1_67' title='bbox 466 875 530 921; x_wconf 89' lang='lat' dir='ltr'>esse</span> <span class='ocrx_word' id='word_1_68' title='bbox 541 876 591 947; x_wconf 90' lang='lat' dir='ltr'>me</span> <span class='ocrx_word' id='word_1_69' title='bbox 604 856 732 920; x_wconf 87' lang='lat' dir='ltr'>minime</span> <span class='ocrx_word' id='word_1_70' title='bbox 744 856 868 935; x_wconf 83' lang='lat' dir='ltr'>vellem3</span> <span class='ocrx_word' id='word_1_71' title='bbox 886 875 977 940; x_wconf 88' lang='lat' dir='ltr'>quem</span> <span class='ocrx_word' id='word_1_72' title='bbox 987 856 1113 940; x_wconf 89' lang='lat' dir='ltr'>quidem</span> <span class='ocrx_word' id='word_1_73' title='bbox 1132 877 1213 922; x_wconf 88' lang='lat' dir='ltr'>nunc</span> 
     </span>
    </p>

    <p class='ocr_par' dir='ltr' id='par_1_9' title="bbox 144 957 1211 1070">
     <span class='ocr_line' id='line_1_9' title="bbox 144 957 1211 1070; baseline -0.001 -47"><span class='ocrx_word' id='word_1_74' title='bbox 144 978 282 1023; x_wconf 88' lang='lat' dir='ltr'>mearum</span> <span class='ocrx_word' id='word_1_75' title='bbox 306 959 498 1070; x_wconf 30' lang='lat' dir='ltr'>ineptiarum.</span> <span class='ocrx_word' id='word_1_76' title='bbox 512 968 619 1023; x_wconf 88' lang='lat' dir='ltr'>testem</span> <span class='ocrx_word' id='word_1_77' title='bbox 641 967 671 1022; x_wconf 92' lang='lat' dir='ltr'>et</span> <span class='ocrx_word' id='word_1_78' title='bbox 692 968 890 1042; x_wconf 84' lang='lat' dir='ltr'>spectatorem</span> <span class='ocrx_word' id='word_1_79' title='bbox 904 957 1025 1024; x_wconf 89' lang='lat' dir='ltr'>lortuua</span> <span class='ocrx_word' id='word_1_80' title='bbox 1046 959 1211 1024; x_wconf 90' lang='lat' dir='ltr'>constituit.</span> 
     </span>
    </p>

    <p class='ocr_par' dir='ltr' id='par_1_10' title="bbox 145 1052 1212 1147">
     <span class='ocr_line' id='line_1_10' title="bbox 145 1052 1212 1147; baseline 0 -23"><span class='ocrx_word' id='word_1_81' title='bbox 145 1059 221 1124; x_wconf 92' lang='lat' dir='ltr'>Nam</span> <span class='ocrx_word' id='word_1_82' title='bbox 243 1059 316 1144; x_wconf 91' lang='lat' dir='ltr'>quid</span> <span class='ocrx_word' id='word_1_83' title='bbox 339 1069 384 1123; x_wconf 91' lang='lat' dir='ltr'>est</span> <span class='ocrx_word' id='word_1_84' title='bbox 405 1059 537 1145; x_wconf 91' lang='lat' dir='ltr'>ineptius</span> <span class='ocrx_word' id='word_1_85' title='bbox 566 1052 658 1144; x_wconf 87' lang='lat' dir='ltr'>quam</span> <span class='ocrx_word' id='word_1_86' title='bbox 680 1059 718 1123; x_wconf 93' lang='lat' dir='ltr'>de</span> <span class='ocrx_word' id='word_1_87' title='bbox 740 1059 866 1124; x_wconf 92' lang='lat' dir='ltr'>dicendo</span> <span class='ocrx_word' id='word_1_88' title='bbox 887 1053 995 1138; x_wconf 86' lang='lat' dir='ltr'>dicere,</span> <span class='ocrx_word' id='word_1_89' title='bbox 1019 1080 1089 1126; x_wconf 91' lang='lat' dir='ltr'>cum</span> <span class='ocrx_word' id='word_1_90' title='bbox 1112 1061 1212 1147; x_wconf 91' lang='lat' dir='ltr'>ipsum</span> 
     </span>
    </p>

    <p class='ocr_par' dir='ltr' id='par_1_11' title="bbox 146 1161 1211 1246">
     <span class='ocr_line' id='line_1_11' title="bbox 146 1161 1211 1246; baseline 0.002 -20"><span class='ocrx_word' id='word_1_91' title='bbox 146 1161 267 1226; x_wconf 88' lang='lat' dir='ltr'>dicere</span> <span class='ocrx_word' id='word_1_92' title='bbox 288 1181 447 1245; x_wconf 90' lang='lat' dir='ltr'>nunquam</span> <span class='ocrx_word' id='word_1_93' title='bbox 462 1161 576 1226; x_wconf 88' lang='lat' dir='ltr'>sitnon</span> <span class='ocrx_word' id='word_1_94' title='bbox 596 1161 743 1246; x_wconf 91' lang='lat' dir='ltr'>ineptum,</span> <span class='ocrx_word' id='word_1_95' title='bbox 761 1161 818 1224; x_wconf 89' lang='lat' dir='ltr'>uisi</span> <span class='ocrx_word' id='word_1_96' title='bbox 834 1181 903 1226; x_wconf 91' lang='lat' dir='ltr'>cum</span> <span class='ocrx_word' id='word_1_97' title='bbox 924 1171 969 1226; x_wconf 91' lang='lat' dir='ltr'>est</span> <span class='ocrx_word' id='word_1_98' title='bbox 989 1163 1211 1230; x_wconf 79' lang='lat' dir='ltr'>necessarium?</span> 
     </span>
    </p>

    <p class='ocr_par' dir='ltr' id='par_1_12' title="bbox 20 1256 1211 1451">
     <span class='ocr_line' id='line_1_12' title="bbox 20 1256 1211 1351; baseline 0.002 -21.012"><span class='ocrx_word' id='word_1_99' title='bbox 20 1256 37 1295; x_wconf 45' lang='lat' dir='ltr'>i</span> <span class='ocrx_word' id='word_1_100' title='bbox 37 1276 118 1330; x_wconf 87' lang='grc'>113</span> <span class='ocrx_word' id='word_1_101' title='bbox 146 1263 239 1349; x_wconf 86' lang='lat' dir='ltr'>Perge</span> <span class='ocrx_word' id='word_1_102' title='bbox 253 1283 335 1340; x_wconf 90' lang='lat' dir='ltr'>vero,</span> <span class='ocrx_word' id='word_1_103' title='bbox 351 1261 465 1340; x_wconf 89' lang='lat' dir='ltr'>Crasse,</span> <span class='ocrx_word' id='word_1_104' title='bbox 481 1263 582 1347; x_wconf 89' lang='lat' dir='ltr'>inquit</span> <span class='ocrx_word' id='word_1_105' title='bbox 596 1263 717 1329; x_wconf 89' lang='lat' dir='ltr'>Mucius.</span> <span class='ocrx_word' id='word_1_106' title='bbox 762 1262 851 1327; x_wconf 87' lang='lat' dir='ltr'>istam</span> <span class='ocrx_word' id='word_1_107' title='bbox 867 1263 950 1328; x_wconf 92' lang='lat' dir='ltr'>enim</span> <span class='ocrx_word' id='word_1_108' title='bbox 971 1266 1103 1349; x_wconf 91' lang='lat' dir='ltr'>culpam,</span> <span class='ocrx_word' id='word_1_109' title='bbox 1119 1285 1211 1351; x_wconf 91' lang='lat' dir='ltr'>quam</span> 
     </span>
     <span class='ocr_line' id='line_1_13' title="bbox 145 1364 537 1451; baseline -0.003 -20"><span class='ocrx_word' id='word_1_110' title='bbox 145 1365 270 1440; x_wconf 82' lang='lat' dir='ltr'>vereris,</span> <span class='ocrx_word' id='word_1_111' title='bbox 293 1385 347 1451; x_wconf 83' lang='lat' dir='ltr'>ego</span> <span class='ocrx_word' id='word_1_112' title='bbox 368 1364 537 1450; x_wconf 87' lang='lat' dir='ltr'>praestabo.</span> 
     </span>
    </p>

    <p class='ocr_par' dir='ltr' id='par_1_13' title="bbox 188 1465 1209 1554">
     <span class='ocr_line' id='line_1_14' title="bbox 188 1465 1209 1554; baseline 0.001 -21"><span class='ocrx_word' id='word_1_113' title='bbox 188 1467 299 1534; x_wconf 80' lang='lat' dir='ltr'>XXV.</span> <span class='ocrx_word' id='word_1_114' title='bbox 324 1466 372 1531; x_wconf 90' lang='lat' dir='ltr'>Sic</span> <span class='ocrx_word' id='word_1_115' title='bbox 393 1467 495 1553; x_wconf 79' lang='lat' dir='ltr'>igitur,</span> <span class='ocrx_word' id='word_1_116' title='bbox 511 1466 619 1551; x_wconf 88' lang='lat' dir='ltr'>inquit,</span> <span class='ocrx_word' id='word_1_117' title='bbox 635 1467 743 1544; x_wconf 91' lang='lat' dir='ltr'>sentio,</span> <span class='ocrx_word' id='word_1_118' title='bbox 760 1465 892 1544; x_wconf 87' lang='lat' dir='ltr'>Crassus,</span> <span class='ocrx_word' id='word_1_119' title='bbox 910 1477 1051 1533; x_wconf 90' lang='lat' dir='ltr'>naturam</span> <span class='ocrx_word' id='word_1_120' title='bbox 1073 1469 1209 1554; x_wconf 90' lang='lat' dir='ltr'>primum</span> 
     </span>
    </p>

    <p class='ocr_par' dir='ltr' id='par_1_14' title="bbox 144 1567 1210 1658">
     <span class='ocr_line' id='line_1_15' title="bbox 144 1567 1210 1658; baseline 0.004 -23"><span class='ocrx_word' id='word_1_121' title='bbox 144 1579 235 1656; x_wconf 88' lang='lat' dir='ltr'>atque</span> <span class='ocrx_word' id='word_1_122' title='bbox 257 1570 414 1656; x_wconf 83' lang='lat' dir='ltr'>ingenium</span> <span class='ocrx_word' id='word_1_123' title='bbox 436 1567 475 1633; x_wconf 90' lang='lat' dir='ltr'>ad</span> <span class='ocrx_word' id='word_1_124' title='bbox 496 1568 657 1634; x_wconf 87' lang='lat' dir='ltr'>dicendum</span> <span class='ocrx_word' id='word_1_125' title='bbox 679 1569 742 1633; x_wconf 86' lang='lat' dir='ltr'>vim</span> <span class='ocrx_word' id='word_1_126' title='bbox 764 1569 884 1635; x_wconf 87' lang='lat' dir='ltr'>adferre</span> <span class='ocrx_word' id='word_1_127' title='bbox 906 1570 1087 1650; x_wconf 90' lang='lat' dir='ltr'>maximam;</span> <span class='ocrx_word' id='word_1_128' title='bbox 1111 1593 1210 1658; x_wconf 92' lang='lat' dir='ltr'>neque</span> 
     </span>
    </p>

    <p class='ocr_par' dir='ltr' id='par_1_15' title="bbox 46 1671 1208 1758">
     <span class='ocr_line' id='line_1_16' title="bbox 46 1671 1208 1758; baseline 0.003 -22"><span class='ocrx_word' id='word_1_129' title='bbox 46 1736 49 1743; x_wconf 81' lang='grc'><em>,</em></span> <span class='ocrx_word' id='word_1_130' title='bbox 144 1692 217 1737; x_wconf 89' lang='lat' dir='ltr'>vero</span> <span class='ocrx_word' id='word_1_131' title='bbox 239 1672 313 1748; x_wconf 91' lang='lat' dir='ltr'>istis,</span> <span class='ocrx_word' id='word_1_132' title='bbox 333 1671 371 1737; x_wconf 91' lang='lat' dir='ltr'>de</span> <span class='ocrx_word' id='word_1_133' title='bbox 393 1671 504 1757; x_wconf 80' lang='lat' dir='ltr'>quibus</span> <span class='ocrx_word' id='word_1_134' title='bbox 525 1672 616 1755; x_wconf 91' lang='lat' dir='ltr'>paulo</span> <span class='ocrx_word' id='word_1_135' title='bbox 639 1680 710 1736; x_wconf 91' lang='lat' dir='ltr'>aute</span> <span class='ocrx_word' id='word_1_136' title='bbox 731 1671 808 1736; x_wconf 81' lang='lat' dir='ltr'>dixit</span> <span class='ocrx_word' id='word_1_137' title='bbox 829 1672 986 1749; x_wconf 84' lang='lat' dir='ltr'>Antonius,</span> <span class='ocrx_word' id='word_1_138' title='bbox 1012 1672 1208 1758; x_wconf 89' lang='lat' dir='ltr'>scriptoribus</span> 
     </span>
    </p>

    <p class='ocr_par' dir='ltr' id='par_1_16' title="bbox 143 1772 1209 1848">
     <span class='ocr_line' id='line_1_17' title="bbox 143 1772 1209 1848; baseline 0.004 -11"><span class='ocrx_word' id='word_1_139' title='bbox 143 1774 218 1838; x_wconf 90' lang='lat' dir='ltr'>artis</span> <span class='ocrx_word' id='word_1_140' title='bbox 240 1773 388 1838; x_wconf 85' lang='lat' dir='ltr'>rationem</span> <span class='ocrx_word' id='word_1_141' title='bbox 411 1772 529 1837; x_wconf 88' lang='lat' dir='ltr'>dicendi</span> <span class='ocrx_word' id='word_1_142' title='bbox 552 1782 582 1837; x_wconf 90' lang='lat' dir='ltr'>et</span> <span class='ocrx_word' id='word_1_143' title='bbox 604 1773 694 1848; x_wconf 91' lang='lat' dir='ltr'>viam,</span> <span class='ocrx_word' id='word_1_144' title='bbox 718 1772 770 1838; x_wconf 90' lang='lat' dir='ltr'>sed</span> <span class='ocrx_word' id='word_1_145' title='bbox 794 1783 935 1838; x_wconf 87' lang='lat' dir='ltr'>naturam</span> <span class='ocrx_word' id='word_1_146' title='bbox 956 1773 1112 1841; x_wconf 89' lang='lat' dir='ltr'>defuissse.</span> <span class='ocrx_word' id='word_1_147' title='bbox 1134 1775 1209 1842; x_wconf 87' lang='lat' dir='ltr'>Nam</span> 
     </span>
    </p>

    <p class='ocr_par' dir='ltr' id='par_1_17' title="bbox 144 1875 1208 1964">
     <span class='ocr_line' id='line_1_18' title="bbox 144 1875 1208 1964; baseline 0.006 -25"><span class='ocrx_word' id='word_1_148' title='bbox 144 1886 174 1940; x_wconf 91' lang='lat' dir='ltr'>et</span> <span class='ocrx_word' id='word_1_149' title='bbox 191 1876 285 1939; x_wconf 92' lang='lat' dir='ltr'>animi</span> <span class='ocrx_word' id='word_1_150' title='bbox 308 1885 398 1960; x_wconf 89' lang='lat' dir='ltr'>atque</span> <span class='ocrx_word' id='word_1_151' title='bbox 414 1875 528 1961; x_wconf 84' lang='lat' dir='ltr'>ingenii</span> <span class='ocrx_word' id='word_1_152' title='bbox 543 1877 655 1940; x_wconf 83' lang='lat' dir='ltr'>celeres</span> <span class='ocrx_word' id='word_1_153' title='bbox 671 1875 795 1959; x_wconf 89' lang='lat' dir='ltr'>quidam</span> <span class='ocrx_word' id='word_1_154' title='bbox 817 1886 917 1941; x_wconf 93' lang='lat' dir='ltr'>motus</span> <span class='ocrx_word' id='word_1_155' title='bbox 939 1897 1003 1943; x_wconf 92' lang='lat' dir='ltr'>esse</span> <span class='ocrx_word' id='word_1_156' title='bbox 1018 1876 1141 1957; x_wconf 87' lang='lat' dir='ltr'>debent,</span> <span class='ocrx_word' id='word_1_157' title='bbox 1157 1881 1208 1964; x_wconf 92' lang='lat' dir='ltr'>qui</span> 
     </span>
    </p>

    <p class='ocr_par' dir='ltr' id='par_1_18' title="bbox 144 1972 1215 2064">
     <span class='ocr_line' id='line_1_19' title="bbox 144 1972 1215 2064; baseline 0.006 -23"><span class='ocrx_word' id='word_1_158' title='bbox 144 1988 174 2041; x_wconf 89' lang='lat' dir='ltr'>et</span> <span class='ocrx_word' id='word_1_159' title='bbox 189 1976 227 2041; x_wconf 92' lang='lat' dir='ltr'>ad</span> <span class='ocrx_word' id='word_1_160' title='bbox 242 1977 471 2062; x_wconf 82' lang='lat' dir='ltr'>excogitandum</span> <span class='ocrx_word' id='word_1_161' title='bbox 486 1977 563 2042; x_wconf 92' lang='lat' dir='ltr'>acuti</span> <span class='ocrx_word' id='word_1_162' title='bbox 578 1987 608 2042; x_wconf 89' lang='lat' dir='ltr'>et</span> <span class='ocrx_word' id='word_1_163' title='bbox 624 1977 661 2042; x_wconf 87' lang='lat' dir='ltr'>ad</span> <span class='ocrx_word' id='word_1_164' title='bbox 677 1977 889 2062; x_wconf 83' lang='lat' dir='ltr'>explicandum</span> <span class='ocrx_word' id='word_1_165' title='bbox 901 1972 1135 2064; x_wconf 87' lang='lat' dir='ltr'>ornandumque</span> <span class='ocrx_word' id='word_1_166' title='bbox 1149 1983 1215 2046; x_wconf 56' lang='lat' dir='ltr'>sint&gt;</span> 
     </span>
    </p>

    <p class='ocr_par' dir='ltr' id='par_1_19' title="bbox 144 2078 1207 2168">
     <span class='ocr_line' id='line_1_20' title="bbox 144 2078 1207 2168; baseline 0.006 -25"><span class='ocrx_word' id='word_1_167' title='bbox 144 2079 253 2143; x_wconf 88' lang='lat' dir='ltr'>uberes</span> <span class='ocrx_word' id='word_1_168' title='bbox 269 2079 350 2144; x_wconf 88' lang='lat' dir='ltr'>etad</span> <span class='ocrx_word' id='word_1_169' title='bbox 366 2079 546 2144; x_wconf 91' lang='lat' dir='ltr'>memoriam</span> <span class='ocrx_word' id='word_1_170' title='bbox 568 2078 651 2143; x_wconf 83' lang='lat' dir='ltr'>firmi</span> <span class='ocrx_word' id='word_1_171' title='bbox 673 2089 763 2165; x_wconf 89' lang='lat' dir='ltr'>atque</span> <span class='ocrx_word' id='word_1_172' title='bbox 778 2079 928 2165; x_wconf 88' lang='lat' dir='ltr'>diutumi;</span> <span class='ocrx_word' id='word_1_173' title='bbox 972 2091 1011 2158; x_wconf 89' lang='lat' dir='ltr'>et,</span> <span class='ocrx_word' id='word_1_174' title='bbox 1028 2082 1053 2146; x_wconf 90' lang='lat' dir='ltr'>si</span> <span class='ocrx_word' id='word_1_175' title='bbox 1069 2084 1138 2168; x_wconf 89' lang='lat' dir='ltr'>quis</span> <span class='ocrx_word' id='word_1_176' title='bbox 1152 2095 1207 2161; x_wconf 90' lang='lat' dir='ltr'>est,</span> 
     </span>
    </p>
   </div>
   <div class='ocr_carea' id='block_1_3' title="bbox 143 2181 1210 2361">
    <p class='ocr_par' dir='ltr' id='par_1_20' title="bbox 143 2181 1210 2361">
     <span class='ocr_line' id='line_1_21' title="bbox 145 2181 1210 2271; baseline 0.007 -26"><span class='ocrx_word' id='word_1_177' title='bbox 145 2181 196 2265; x_wconf 84' lang='lat' dir='ltr'>qui</span> <span class='ocrx_word' id='word_1_178' title='bbox 220 2181 294 2246; x_wconf 88' lang='lat' dir='ltr'>haec</span> <span class='ocrx_word' id='word_1_179' title='bbox 315 2189 401 2265; x_wconf 90' lang='lat' dir='ltr'>putet</span> <span class='ocrx_word' id='word_1_180' title='bbox 422 2190 487 2246; x_wconf 87' lang='lat' dir='ltr'>arte</span> <span class='ocrx_word' id='word_1_181' title='bbox 505 2181 596 2267; x_wconf 90' lang='lat' dir='ltr'>accipi</span> <span class='ocrx_word' id='word_1_182' title='bbox 619 2201 716 2266; x_wconf 91' lang='lat' dir='ltr'>posse,</span> <span class='ocrx_word' id='word_1_183' title='bbox 739 2220 780 2228; x_wconf 91' lang='lat'><strong>—</strong></span> <span class='ocrx_word' id='word_1_184' title='bbox 803 2182 1015 2267; x_wconf 87' lang='lat' dir='ltr'>quodfalsum</span> <span class='ocrx_word' id='word_1_185' title='bbox 1040 2194 1210 2271; x_wconf 42' lang='lat' dir='ltr'>est;,prae</span> 
     </span>
     <span class='ocr_line' id='line_1_22' title="bbox 143 2283 1209 2361; baseline 0.007 -13"><span class='ocrx_word' id='word_1_186' title='bbox 143 2284 223 2348; x_wconf 89' lang='lat' dir='ltr'>clare</span> <span class='ocrx_word' id='word_1_187' title='bbox 245 2283 328 2348; x_wconf 90' lang='lat' dir='ltr'>enim</span> <span class='ocrx_word' id='word_1_188' title='bbox 351 2304 383 2348; x_wconf 91' lang='lat' dir='ltr'>se</span> <span class='ocrx_word' id='word_1_189' title='bbox 405 2303 453 2348; x_wconf 90' lang='lat' dir='ltr'>res</span> <span class='ocrx_word' id='word_1_190' title='bbox 477 2283 577 2361; x_wconf 87' lang='lat' dir='ltr'>babet,</span> <span class='ocrx_word' id='word_1_191' title='bbox 593 2284 617 2347; x_wconf 93' lang='lat' dir='ltr'>si</span> <span class='ocrx_word' id='word_1_192' title='bbox 642 2284 715 2348; x_wconf 90' lang='lat' dir='ltr'>haec</span> <span class='ocrx_word' id='word_1_193' title='bbox 730 2283 849 2350; x_wconf 89' lang='lat' dir='ltr'>accendi</span> <span class='ocrx_word' id='word_1_194' title='bbox 872 2294 928 2350; x_wconf 91' lang='lat' dir='ltr'>aut·</span> <span class='ocrx_word' id='word_1_195' title='bbox 945 2289 1129 2354; x_wconf 87' lang='lat' dir='ltr'>commoveri</span> <span class='ocrx_word' id='word_1_196' title='bbox 1144 2300 1209 2355; x_wconf 88' lang='lat' dir='ltr'>arte</span> 
     </span>
    </p>
   </div>
   <div class='ocr_carea' id='block_1_4' title="bbox 144 2510 1211 2570">
    <p class='ocr_par' dir='ltr' id='par_1_21' title="bbox 144 2510 1211 2570">
     <span class='ocr_line' id='line_1_23' title="bbox 144 2510 1211 2570; baseline 0.005 -15"><span class='ocrx_word' id='word_1_197' title='bbox 144 2515 340 2556; x_wconf 85' lang='lat' dir='ltr'>mezzanamente</span> <span class='ocrx_word' id='word_1_198' title='bbox 355 2511 421 2556; x_wconf 84' lang='lat' dir='ltr'>della</span> <span class='ocrx_word' id='word_1_199' title='bbox 439 2511 536 2556; x_wconf 84' lang='lat' dir='ltr'>scienze</span> <span class='ocrx_word' id='word_1_200' title='bbox 555 2511 595 2556; x_wconf 92' lang='lat' dir='ltr'>del</span> <span class='ocrx_word' id='word_1_201' title='bbox 614 2510 675 2556; x_wconf 86' lang='lat' dir='ltr'>iero.</span> <span class='ocrx_word' id='word_1_202' title='bbox 696 2535 720 2542; x_wconf 89' lang='lat'><em>-</em></span> <span class='ocrx_word' id='word_1_203' title='bbox 742 2525 760 2556; x_wconf 88' lang='lat' dir='ltr'>a</span> <span class='ocrx_word' id='word_1_204' title='bbox 779 2524 861 2559; x_wconf 87' lang='lat' dir='ltr'>me...</span> <span class='ocrx_word' id='word_1_205' title='bbox 870 2513 1064 2566; x_wconf 77' lang='lat' dir='ltr'>promisisse</span> <span class='ocrx_word' id='word_1_206' title='bbox 1078 2533 1106 2548; x_wconf 85' lang='lat'>=·</span> <span class='ocrx_word' id='word_1_207' title='bbox 1118 2521 1211 2570; x_wconf 84' lang='lat' dir='ltr'>sponte</span> 
     </span>
    </p>
   </div>
   <div class='ocr_carea' id='block_1_5' title="bbox 141 2581 1210 2695">
    <p class='ocr_par' dir='ltr' id='par_1_22' title="bbox 141 2581 1210 2695">
     <span class='ocr_line' id='line_1_24' title="bbox 141 2581 1210 2637; baseline 0.007 -14"><span class='ocrx_word' id='word_1_208' title='bbox 141 2583 303 2635; x_wconf 75' lang='lat' dir='ltr'>promisisse.</span> <span class='ocrx_word' id='word_1_209' title='bbox 326 2605 352 2612; x_wconf 93' lang='lat'><em>-</em></span> <span class='ocrx_word' id='word_1_210' title='bbox 373 2583 406 2626; x_wconf 80' lang='lat' dir='ltr'>irc</span> <span class='ocrx_word' id='word_1_211' title='bbox 429 2594 517 2626; x_wconf 86' lang='lat' dir='ltr'>serm.</span> <span class='ocrx_word' id='word_1_212' title='bbox 539 2584 633 2627; x_wconf 84' lang='lat' dir='ltr'>vestr.</span> <span class='ocrx_word' id='word_1_213' title='bbox 656 2581 823 2637; x_wconf 78' lang='lat' dir='ltr'>incidisse,</span> <span class='ocrx_word' id='word_1_214' title='bbox 844 2595 926 2628; x_wconf 85' lang='lat' dir='ltr'>essere</span> <span class='ocrx_word' id='word_1_215' title='bbox 948 2587 1043 2628; x_wconf 85' lang='lat' dir='ltr'>entreto</span> <span class='ocrx_word' id='word_1_216' title='bbox 1065 2585 1105 2629; x_wconf 90' lang='lat' dir='ltr'>uel</span> <span class='ocrx_word' id='word_1_217' title='bbox 1126 2591 1210 2632; x_wconf 80' lang='lat' dir='ltr'>rostro</span> 
     </span>
     <span class='ocr_line' id='line_1_25' title="bbox 144 2651 261 2695; baseline 0.017 -2"><span class='ocrx_word' id='word_1_218' title='bbox 144 2651 261 2695; x_wconf 85' lang='lat' dir='ltr'>discorso.</span> 
     </span>
    </p>
   </div>
   <div class='ocr_carea' id='block_1_6' title="bbox 143 2738 1211 3351">
    <p class='ocr_par' dir='ltr' id='par_1_23' title="bbox 143 2738 1211 3351">
     <span class='ocr_line' id='line_1_26' title="bbox 212 2738 1209 2795; baseline 0.008 -14"><span class='ocrx_word' id='word_1_219' title='bbox 212 2738 276 2781; x_wconf 72' lang='lat'>112.</span> <span class='ocrx_word' id='word_1_220' title='bbox 295 2739 397 2792; x_wconf 75' lang='lat' dir='ltr'>mapis</span> <span class='ocrx_word' id='word_1_221' title='bbox 404 2741 532 2791; x_wconf 79' lang='lat' dir='ltr'>tratum,</span> <span class='ocrx_word' id='word_1_222' title='bbox 547 2750 560 2781; x_wconf 89' lang='lat' dir='ltr'>e</span> <span class='ocrx_word' id='word_1_223' title='bbox 570 2750 625 2790; x_wconf 90' lang='lat' dir='ltr'>uon,</span> <span class='ocrx_word' id='word_1_224' title='bbox 635 2750 703 2782; x_wconf 90' lang='lat' dir='ltr'>come</span> <span class='ocrx_word' id='word_1_225' title='bbox 712 2738 774 2792; x_wconf 82' lang='lat' dir='ltr'>altri,</span> <span class='ocrx_word' id='word_1_226' title='bbox 784 2741 965 2793; x_wconf 76' lang='lat' dir='ltr'>mapistratas,</span> <span class='ocrx_word' id='word_1_227' title='bbox 975 2740 1066 2795; x_wconf 77' lang='lat' dir='ltr'>perche</span> <span class='ocrx_word' id='word_1_228' title='bbox 1076 2744 1175 2789; x_wconf 80' lang='lat' dir='ltr'>irsttusr</span> <span class='ocrx_word' id='word_1_229' title='bbox 1186 2743 1209 2788; x_wconf 92' lang='lat' dir='ltr'>di</span> 
     </span>
     <span class='ocr_line' id='line_1_27' title="bbox 145 2807 1210 2866; baseline 0.007 -15"><span class='ocrx_word' id='word_1_230' title='bbox 145 2808 199 2852; x_wconf 86' lang='lat' dir='ltr'>sola</span> <span class='ocrx_word' id='word_1_231' title='bbox 209 2821 257 2851; x_wconf 81' lang='lat' dir='ltr'>una</span> <span class='ocrx_word' id='word_1_232' title='bbox 267 2807 448 2859; x_wconf 67' lang='lat' dir='ltr'>magistratum„</span> <span class='ocrx_word' id='word_1_233' title='bbox 457 2831 483 2864; x_wconf 75' lang='lat'>-.</span> <span class='ocrx_word' id='word_1_234' title='bbox 497 2808 530 2851; x_wconf 81' lang='lat' dir='ltr'>irc</span> <span class='ocrx_word' id='word_1_235' title='bbox 544 2809 732 2861; x_wconf 75' lang='lat' dir='ltr'>prensando</span> <span class='ocrx_word' id='word_1_236' title='bbox 746 2827 772 2845; x_wconf 66' lang='grc' dir='ltr'>ει</span> <span class='ocrx_word' id='word_1_237' title='bbox 785 2811 814 2853; x_wconf 85' lang='lat' dir='ltr'>iu</span> <span class='ocrx_word' id='word_1_238' title='bbox 824 2811 1017 2864; x_wconf 74' lang='lat' dir='ltr'>prebeasarcda</span> <span class='ocrx_word' id='word_1_239' title='bbox 1027 2811 1210 2866; x_wconf 83' lang='lat' dir='ltr'>frequentativo</span> 
     </span>
     <span class='ocr_line' id='line_1_28' title="bbox 145 2876 1210 2936; baseline 0.004 -16"><span class='ocrx_word' id='word_1_240' title='bbox 145 2876 169 2921; x_wconf 95' lang='lat' dir='ltr'>di</span> <span class='ocrx_word' id='word_1_241' title='bbox 181 2878 323 2930; x_wconf 66' lang='lat' dir='ltr'>creissaco,</span> <span class='ocrx_word' id='word_1_242' title='bbox 336 2877 367 2921; x_wconf 92' lang='lat' dir='ltr'>do</span> <span class='ocrx_word' id='word_1_243' title='bbox 382 2877 407 2921; x_wconf 83' lang='lat' dir='ltr'>la</span> <span class='ocrx_word' id='word_1_244' title='bbox 421 2890 492 2921; x_wconf 86' lang='lat' dir='ltr'>meno</span> <span class='ocrx_word' id='word_1_245' title='bbox 507 2876 557 2930; x_wconf 81' lang='lat' dir='ltr'>agli</span> <span class='ocrx_word' id='word_1_246' title='bbox 572 2877 669 2921; x_wconf 83' lang='lat' dir='ltr'>elettori</span> <span class='ocrx_word' id='word_1_247' title='bbox 687 2891 733 2932; x_wconf 87' lang='lat' dir='ltr'>per</span> <span class='ocrx_word' id='word_1_248' title='bbox 749 2879 862 2932; x_wconf 86' lang='lat' dir='ltr'>cerpirne</span> <span class='ocrx_word' id='word_1_249' title='bbox 877 2880 885 2923; x_wconf 87' lang='grc'>1</span> <span class='ocrx_word' id='word_1_250' title='bbox 898 2880 956 2932; x_wconf 78' lang='lat' dir='ltr'>voti,</span> <span class='ocrx_word' id='word_1_251' title='bbox 971 2894 983 2924; x_wconf 89' lang='lat' dir='ltr'>e</span> <span class='ocrx_word' id='word_1_252' title='bbox 998 2881 1090 2934; x_wconf 89' lang='lat' dir='ltr'>quindi:</span> <span class='ocrx_word' id='word_1_253' title='bbox 1104 2883 1210 2936; x_wconf 78' lang='lat' dir='ltr'>broglio.</span> 
     </span>
     <span class='ocr_line' id='line_1_29' title="bbox 144 2946 1209 3002; baseline 0.006 -11"><span class='ocrx_word' id='word_1_254' title='bbox 144 2947 172 2991; x_wconf 82' lang='lat' dir='ltr'>L.</span> <span class='ocrx_word' id='word_1_255' title='bbox 188 2948 282 2999; x_wconf 83' lang='lat' dir='ltr'>Crasse,</span> <span class='ocrx_word' id='word_1_256' title='bbox 303 2946 426 3000; x_wconf 71' lang='lat' dir='ltr'>docendo,</span> <span class='ocrx_word' id='word_1_257' title='bbox 447 2947 530 2999; x_wconf 77' lang='lat' dir='ltr'>giusta</span> <span class='ocrx_word' id='word_1_258' title='bbox 548 2947 565 2990; x_wconf 94' lang='grc'>11</span> <span class='ocrx_word' id='word_1_259' title='bbox 587 2956 695 2991; x_wconf 88' lang='lat' dir='ltr'>eostume</span> <span class='ocrx_word' id='word_1_260' title='bbox 715 2947 753 2992; x_wconf 87' lang='lat' dir='ltr'>de&#39;</span> <span class='ocrx_word' id='word_1_261' title='bbox 767 2949 899 3002; x_wconf 81' lang='lat' dir='ltr'>candidati,</span> <span class='ocrx_word' id='word_1_262' title='bbox 918 2950 1084 3002; x_wconf 76' lang='lat' dir='ltr'>guedagnarsi</span> <span class='ocrx_word' id='word_1_263' title='bbox 1103 2965 1149 2997; x_wconf 91' lang='lat' dir='ltr'>con</span> <span class='ocrx_word' id='word_1_264' title='bbox 1164 2952 1209 2998; x_wconf 86' lang='lat' dir='ltr'>etti</span> 
     </span>
     <span class='ocr_line' id='line_1_30' title="bbox 145 3017 1210 3071; baseline 0.006 -9"><span class='ocrx_word' id='word_1_265' title='bbox 145 3017 281 3069; x_wconf 79' lang='lat' dir='ltr'>essequiosi</span> <span class='ocrx_word' id='word_1_266' title='bbox 295 3018 462 3071; x_wconf 83' lang='lat' dir='ltr'>(prensando)</span> <span class='ocrx_word' id='word_1_267' title='bbox 482 3017 489 3060; x_wconf 93' lang='lat' dir='ltr'>i</span> <span class='ocrx_word' id='word_1_268' title='bbox 507 3017 558 3061; x_wconf 85' lang='lat' dir='ltr'>voti</span> <span class='ocrx_word' id='word_1_269' title='bbox 573 3017 612 3061; x_wconf 87' lang='lat' dir='ltr'>del</span> <span class='ocrx_word' id='word_1_270' title='bbox 626 3018 726 3071; x_wconf 87' lang='lat' dir='ltr'>popolo,</span> <span class='ocrx_word' id='word_1_271' title='bbox 739 3018 823 3062; x_wconf 78' lang='lat' dir='ltr'>solere</span> <span class='ocrx_word' id='word_1_272' title='bbox 838 3033 943 3071; x_wconf 79' lang='lat' dir='ltr'>pregore</span> <span class='ocrx_word' id='word_1_273' title='bbox 958 3021 975 3064; x_wconf 92' lang='lat' dir='ltr'>il</span> <span class='ocrx_word' id='word_1_274' title='bbox 990 3034 1092 3066; x_wconf 86' lang='lat' dir='ltr'>suocero</span> <span class='ocrx_word' id='word_1_275' title='bbox 1107 3022 1210 3068; x_wconf 80' lang='lat' dir='ltr'>Scevols</span> 
     </span>
     <span class='ocr_line' id='line_1_31' title="bbox 144 3086 1209 3143; baseline 0.008 -12"><span class='ocrx_word' id='word_1_276' title='bbox 144 3088 304 3137; x_wconf 83' lang='lat' dir='ltr'>(solebam...</span> <span class='ocrx_word' id='word_1_277' title='bbox 323 3089 454 3132; x_wconf 77' lang='lat' dir='ltr'>dimittere</span> <span class='ocrx_word' id='word_1_278' title='bbox 468 3101 485 3131; x_wconf 91' lang='lat' dir='ltr'>a</span> <span class='ocrx_word' id='word_1_279' title='bbox 499 3101 540 3132; x_wconf 88' lang='lat' dir='ltr'>me</span> <span class='ocrx_word' id='word_1_280' title='bbox 553 3086 714 3136; x_wconf 77' lang='lat' dir='ltr'>Scaeuolam)</span> <span class='ocrx_word' id='word_1_281' title='bbox 733 3088 758 3131; x_wconf 88' lang='lat' dir='ltr'>di</span> <span class='ocrx_word' id='word_1_282' title='bbox 776 3089 853 3133; x_wconf 81' lang='lat' dir='ltr'>andos</span> <span class='ocrx_word' id='word_1_283' title='bbox 871 3090 919 3143; x_wconf 88' lang='lat' dir='ltr'>via,</span> <span class='ocrx_word' id='word_1_284' title='bbox 936 3091 1026 3143; x_wconf 79' lang='lat' dir='ltr'>perche</span> <span class='ocrx_word' id='word_1_285' title='bbox 1046 3095 1171 3138; x_wconf 85' lang='lat' dir='ltr'>urrossira</span> <span class='ocrx_word' id='word_1_286' title='bbox 1185 3094 1209 3138; x_wconf 93' lang='lat' dir='ltr'>di</span> 
     </span>
     <span class='ocr_line' id='line_1_32' title="bbox 145 3157 1211 3212; baseline 0.007 -10"><span class='ocrx_word' id='word_1_287' title='bbox 145 3157 204 3202; x_wconf 74' lang='lat' dir='ltr'>farsi</span> <span class='ocrx_word' id='word_1_288' title='bbox 220 3158 294 3202; x_wconf 81' lang='lat' dir='ltr'>veder</span> <span class='ocrx_word' id='word_1_289' title='bbox 305 3157 328 3200; x_wconf 91' lang='lat' dir='ltr'>in</span> <span class='ocrx_word' id='word_1_290' title='bbox 339 3164 391 3202; x_wconf 85' lang='lat' dir='ltr'>otto</span> <span class='ocrx_word' id='word_1_291' title='bbox 401 3157 425 3201; x_wconf 94' lang='lat' dir='ltr'>di</span> <span class='ocrx_word' id='word_1_292' title='bbox 436 3157 559 3210; x_wconf 87' lang='lat' dir='ltr'>complere</span> <span class='ocrx_word' id='word_1_293' title='bbox 575 3157 646 3201; x_wconf 86' lang='lat' dir='ltr'>simili</span> <span class='ocrx_word' id='word_1_294' title='bbox 662 3171 719 3201; x_wconf 86' lang='lat' dir='ltr'>cose</span> <span class='ocrx_word' id='word_1_295' title='bbox 735 3158 767 3201; x_wconf 87' lang='lat' dir='ltr'>do</span> <span class='ocrx_word' id='word_1_296' title='bbox 780 3172 852 3202; x_wconf 89' lang='lat' dir='ltr'>nomo</span> <span class='ocrx_word' id='word_1_297' title='bbox 863 3159 914 3203; x_wconf 82' lang='lat' dir='ltr'>cosi</span> <span class='ocrx_word' id='word_1_298' title='bbox 929 3174 1010 3212; x_wconf 75' lang='lat' dir='ltr'>grave.</span> <span class='ocrx_word' id='word_1_299' title='bbox 1026 3185 1049 3192; x_wconf 91' lang='lat'>—</span> <span class='ocrx_word' id='word_1_300' title='bbox 1064 3176 1110 3206; x_wconf 87' lang='lat' dir='ltr'>me</span> <span class='ocrx_word' id='word_1_301' title='bbox 1127 3165 1211 3209; x_wconf 84' lang='lat' dir='ltr'>aelle</span> 
     </span>
     <span class='ocr_line' id='line_1_33' title="bbox 143 3227 1210 3287; baseline 0.007 -15"><span class='ocrx_word' id='word_1_302' title='bbox 143 3241 212 3272; x_wconf 84' lang='lat' dir='ltr'>esse</span> <span class='ocrx_word' id='word_1_303' title='bbox 233 3229 376 3282; x_wconf 78' lang='lat' dir='ltr'>irreptum</span> <span class='ocrx_word' id='word_1_304' title='bbox 390 3249 417 3260; x_wconf 93' lang='lat'><em>=</em></span> <span class='ocrx_word' id='word_1_305' title='bbox 431 3228 498 3272; x_wconf 85' lang='lat' dir='ltr'>voler</span> <span class='ocrx_word' id='word_1_306' title='bbox 513 3228 536 3271; x_wconf 91' lang='grc'>10</span> <span class='ocrx_word' id='word_1_307' title='bbox 552 3240 633 3272; x_wconf 86' lang='lat' dir='ltr'>essere</span> <span class='ocrx_word' id='word_1_308' title='bbox 647 3227 788 3272; x_wconf 84' lang='lat' dir='ltr'>iruliscrcto.</span> <span class='ocrx_word' id='word_1_309' title='bbox 802 3229 820 3272; x_wconf 84' lang='lat' dir='ltr'>E</span> <span class='ocrx_word' id='word_1_310' title='bbox 836 3243 881 3273; x_wconf 88' lang='lat' dir='ltr'>con</span> <span class='ocrx_word' id='word_1_311' title='bbox 896 3230 1113 3276; x_wconf 82' lang='lat' dir='ltr'>‹indiscretozzo›</span> <span class='ocrx_word' id='word_1_312' title='bbox 1127 3235 1210 3287; x_wconf 77' lang='lat' dir='ltr'>petrei</span> 
     </span>
     <span class='ocr_line' id='line_1_34' title="bbox 143 3297 1048 3351; baseline 0.004 -11"><span class='ocrx_word' id='word_1_313' title='bbox 143 3298 244 3351; x_wconf 77' lang='lat' dir='ltr'>volgare</span> <span class='ocrx_word' id='word_1_314' title='bbox 258 3299 421 3351; x_wconf 82' lang='lat' dir='ltr'>ineptiarum</span> <span class='ocrx_word' id='word_1_315' title='bbox 435 3297 479 3341; x_wconf 90' lang='lat' dir='ltr'>che</span> <span class='ocrx_word' id='word_1_316' title='bbox 495 3311 577 3350; x_wconf 78' lang='lat' dir='ltr'>segue.</span> <span class='ocrx_word' id='word_1_317' title='bbox 591 3320 616 3328; x_wconf 93' lang='lat'>-</span> <span class='ocrx_word' id='word_1_318' title='bbox 631 3299 804 3343; x_wconf 75' lang='lat' dir='ltr'>carestituit</span> <span class='ocrx_word' id='word_1_319' title='bbox 818 3319 845 3332; x_wconf 96' lang='lat'>-</span> <span class='ocrx_word' id='word_1_320' title='bbox 859 3300 930 3343; x_wconf 86' lang='lat' dir='ltr'>vuele</span> <span class='ocrx_word' id='word_1_321' title='bbox 945 3301 990 3343; x_wconf 88' lang='grc'><strong>0110</strong></span> <span class='ocrx_word' id='word_1_322' title='bbox 1005 3301 1048 3344; x_wconf 81' lang='lat' dir='ltr'>sie.</span> 
     </span>
    </p>
   </div>
   <div class='ocr_carea' id='block_1_7' title="bbox 211 3385 1211 3441">
    <p class='ocr_par' dir='ltr' id='par_1_24' title="bbox 211 3385 1211 3441">
     <span class='ocr_line' id='line_1_35' title="bbox 211 3385 1211 3441; baseline 0.006 -11"><span class='ocrx_word' id='word_1_323' title='bbox 211 3389 276 3430; x_wconf 81' lang='lat'>113.</span> <span class='ocrx_word' id='word_1_324' title='bbox 288 3387 465 3441; x_wconf 79' lang='lat' dir='ltr'>praestabo</span> <span class='ocrx_word' id='word_1_325' title='bbox 480 3407 506 3420; x_wconf 89' lang='lat'>=</span> <span class='ocrx_word' id='word_1_326' title='bbox 520 3385 641 3439; x_wconf 71' lang='lat' dir='ltr'>prenderit</span> <span class='ocrx_word' id='word_1_327' title='bbox 656 3400 684 3430; x_wconf 85' lang='lat' dir='ltr'>su</span> <span class='ocrx_word' id='word_1_328' title='bbox 699 3385 723 3429; x_wconf 93' lang='lat' dir='ltr'>di</span> <span class='ocrx_word' id='word_1_329' title='bbox 739 3401 783 3440; x_wconf 83' lang='lat' dir='ltr'>mu,</span> <span class='ocrx_word' id='word_1_330' title='bbox 798 3401 827 3431; x_wconf 91' lang='lat' dir='ltr'>ne</span> <span class='ocrx_word' id='word_1_331' title='bbox 843 3387 938 3432; x_wconf 81' lang='lat' dir='ltr'>entrorb</span> <span class='ocrx_word' id='word_1_332' title='bbox 953 3402 1021 3433; x_wconf 86' lang='lat' dir='ltr'>come</span> <span class='ocrx_word' id='word_1_333' title='bbox 1036 3391 1211 3438; x_wconf 84' lang='lat' dir='ltr'>molleredore.</span> 
     </span>
    </p>
   </div>
   <div class='ocr_carea' id='block_1_8' title="bbox 139 3472 1211 3803">
    <p class='ocr_par' dir='ltr' id='par_1_25' title="bbox 139 3472 1211 3803">
     <span class='ocr_line' id='line_1_36' title="bbox 186 3472 1210 3536; baseline 0.007 -17"><span class='ocrx_word' id='word_1_334' title='bbox 186 3477 259 3528; x_wconf 72' lang='lat' dir='ltr'>(lap.</span> <span class='ocrx_word' id='word_1_335' title='bbox 284 3475 385 3518; x_wconf 81' lang='lat' dir='ltr'>XXV.</span> <span class='ocrx_word' id='word_1_336' title='bbox 408 3475 518 3521; x_wconf 79' lang='lat' dir='ltr'>sentio.</span> <span class='ocrx_word' id='word_1_337' title='bbox 539 3472 616 3516; x_wconf 76' lang='lat' dir='ltr'>nitri:</span> <span class='ocrx_word' id='word_1_338' title='bbox 638 3486 732 3518; x_wconf 85' lang='lat' dir='ltr'>censeo.</span> <span class='ocrx_word' id='word_1_339' title='bbox 754 3499 778 3505; x_wconf 92' lang='lat'>—</span> <span class='ocrx_word' id='word_1_340' title='bbox 799 3479 989 3521; x_wconf 75' lang='lat' dir='ltr'>ascitarum...</span> <span class='ocrx_word' id='word_1_341' title='bbox 1012 3480 1107 3532; x_wconf 69' lang='lat' dir='ltr'>atcere</span> <span class='ocrx_word' id='word_1_342' title='bbox 1128 3481 1210 3536; x_wconf 75' lang='lat' dir='ltr'>inac-</span> 
     </span>
     <span class='ocr_line' id='line_1_37' title="bbox 145 3543 1209 3596; baseline 0.005 -5"><span class='ocrx_word' id='word_1_343' title='bbox 145 3560 161 3592; x_wconf 81' lang='grc'>11</span> <span class='ocrx_word' id='word_1_344' title='bbox 170 3548 178 3590; x_wconf 83' lang='grc'>1</span> <span class='ocrx_word' id='word_1_345' title='bbox 185 3559 234 3590; x_wconf 80' lang='lat' dir='ltr'>arn</span> <span class='ocrx_word' id='word_1_346' title='bbox 247 3545 357 3589; x_wconf 83' lang='lat' dir='ltr'>formano</span> <span class='ocrx_word' id='word_1_347' title='bbox 368 3543 478 3588; x_wconf 84' lang='lat' dir='ltr'>endindi:</span> <span class='ocrx_word' id='word_1_348' title='bbox 488 3545 594 3596; x_wconf 74' lang='lat' dir='ltr'>ingeguo</span> <span class='ocrx_word' id='word_1_349' title='bbox 605 3544 724 3589; x_wconf 79' lang='lat' dir='ltr'>naturale.</span> <span class='ocrx_word' id='word_1_350' title='bbox 734 3569 759 3575; x_wconf 87' lang='lat'>—</span> <span class='ocrx_word' id='word_1_351' title='bbox 768 3547 926 3590; x_wconf 83' lang='lat' dir='ltr'>rationem</span> <span class='ocrx_word' id='word_1_352' title='bbox 941 3548 1068 3592; x_wconf 83' lang='lat' dir='ltr'>dicendi</span> <span class='ocrx_word' id='word_1_353' title='bbox 1082 3553 1110 3593; x_wconf 87' lang='lat' dir='ltr'>et</span> <span class='ocrx_word' id='word_1_354' title='bbox 1126 3552 1209 3596; x_wconf 85' lang='lat' dir='ltr'>aiam</span> 
     </span>
     <span class='ocr_line' id='line_1_38' title="bbox 144 3613 1208 3674; baseline 0.005 -14"><span class='ocrx_word' id='word_1_355' title='bbox 144 3637 172 3651; x_wconf 86' lang='lat'>·=</span> <span class='ocrx_word' id='word_1_356' title='bbox 186 3617 211 3660; x_wconf 82' lang='lat' dir='ltr'>le</span> <span class='ocrx_word' id='word_1_357' title='bbox 231 3615 312 3668; x_wconf 79' lang='lat' dir='ltr'>giusta</span> <span class='ocrx_word' id='word_1_358' title='bbox 331 3613 387 3658; x_wconf 86' lang='lat' dir='ltr'>idea</span> <span class='ocrx_word' id='word_1_359' title='bbox 406 3614 445 3657; x_wconf 82' lang='lat' dir='ltr'>del</span> <span class='ocrx_word' id='word_1_360' title='bbox 464 3614 511 3658; x_wconf 82' lang='lat' dir='ltr'>ben</span> <span class='ocrx_word' id='word_1_361' title='bbox 529 3613 635 3667; x_wconf 75' lang='lat' dir='ltr'>perlate.</span> <span class='ocrx_word' id='word_1_362' title='bbox 656 3637 682 3644; x_wconf 89' lang='lat'>—</span> <span class='ocrx_word' id='word_1_363' title='bbox 706 3617 808 3660; x_wconf 76' lang='lat' dir='ltr'>anicii</span> <span class='ocrx_word' id='word_1_364' title='bbox 829 3621 923 3670; x_wconf 81' lang='lat' dir='ltr'>atque</span> <span class='ocrx_word' id='word_1_365' title='bbox 946 3618 1069 3671; x_wconf 72' lang='lat' dir='ltr'>impersit</span> <span class='ocrx_word' id='word_1_366' title='bbox 1075 3633 1084 3674; x_wconf 92' lang='lat'><em>;</em></span> <span class='ocrx_word' id='word_1_367' title='bbox 1105 3620 1208 3665; x_wconf 89' lang='lat' dir='ltr'>intendi:</span> 
     </span>
     <span class='ocr_line' id='line_1_39' title="bbox 139 3683 1211 3741; baseline 0.004 -9"><span class='ocrx_word' id='word_1_368' title='bbox 139 3687 212 3741; x_wconf 55' lang='lat' dir='ltr'>‚delle</span> <span class='ocrx_word' id='word_1_369' title='bbox 225 3684 317 3732; x_wconf 74' lang='lat' dir='ltr'>facolti</span> <span class='ocrx_word' id='word_1_370' title='bbox 326 3684 479 3736; x_wconf 84' lang='lat' dir='ltr'>intellettiva,</span> <span class='ocrx_word' id='word_1_371' title='bbox 490 3687 666 3736; x_wconf 84' lang='lat' dir='ltr'>contrapposto</span> <span class='ocrx_word' id='word_1_372' title='bbox 681 3683 730 3728; x_wconf 86' lang='lat' dir='ltr'>ella</span> <span class='ocrx_word' id='word_1_373' title='bbox 745 3686 862 3730; x_wconf 84' lang='lat' dir='ltr'>sensitiva</span> <span class='ocrx_word' id='word_1_374' title='bbox 874 3687 965 3737; x_wconf 77' lang='lat' dir='ltr'>(Cius).</span> <span class='ocrx_word' id='word_1_375' title='bbox 978 3711 1005 3718; x_wconf 84' lang='lat'>—</span> <span class='ocrx_word' id='word_1_376' title='bbox 1019 3689 1171 3735; x_wconf 79' lang='lat' dir='ltr'>diuturni</span> <span class='ocrx_word' id='word_1_377' title='bbox 1183 3710 1211 3725; x_wconf 90' lang='lat'><em>-</em></span> 
     </span>
     <span class='ocr_line' id='line_1_40' title="bbox 140 3756 258 3803; baseline -0.008 -4"><span class='ocrx_word' id='word_1_378' title='bbox 140 3756 258 3803; x_wconf 76' lang='lat' dir='ltr'>sostenii.</span> 
     </span>
    </p>
   </div>
   <div class='ocr_carea' id='block_1_9' title="bbox 136 3841 1206 3901">
    <p class='ocr_par' dir='ltr' id='par_1_26' title="bbox 136 3841 1206 3901">
     <span class='ocr_line' id='line_1_41' title="bbox 136 3841 1206 3901; baseline 0.004 -15"><span class='ocrx_word' id='word_1_379' title='bbox 136 3854 140 3865; x_wconf 72' lang='lat'><strong><em>⁴</em></strong></span> <span class='ocrx_word' id='word_1_380' title='bbox 210 3844 275 3888; x_wconf 70' lang='lat'>114.</span> <span class='ocrx_word' id='word_1_381' title='bbox 292 3841 404 3896; x_wconf 76' lang='lat' dir='ltr'>accipi.</span> <span class='ocrx_word' id='word_1_382' title='bbox 417 3841 492 3886; x_wconf 76' lang='lat' dir='ltr'>Altri:</span> <span class='ocrx_word' id='word_1_383' title='bbox 503 3841 611 3896; x_wconf 80' lang='lat' dir='ltr'>percipi.</span> <span class='ocrx_word' id='word_1_384' title='bbox 628 3865 650 3871; x_wconf 95' lang='lat'>-</span> <span class='ocrx_word' id='word_1_385' title='bbox 666 3845 796 3887; x_wconf 69' lang='grc'><strong>00000111</strong></span> <span class='ocrx_word' id='word_1_386' title='bbox 810 3844 851 3896; x_wconf 80' lang='lat' dir='ltr'>qui</span> <span class='ocrx_word' id='word_1_387' title='bbox 868 3844 921 3887; x_wconf 80' lang='lat' dir='ltr'>rulo</span> <span class='ocrx_word' id='word_1_388' title='bbox 935 3845 1055 3897; x_wconf 69' lang='lat' dir='ltr'>distorsi,</span> <span class='ocrx_word' id='word_1_389' title='bbox 1065 3848 1206 3901; x_wconf 75' lang='lat' dir='ltr'>sceptiarsi</span> 
     </span>
    </p>
   </div>
   <div class='ocr_carea' id='block_1_10' title="bbox 0 0 1268 4246">
    <p class='ocr_par' dir='ltr' id='par_1_27' title="bbox 0 0 1268 4246">
     <span class='ocr_line' id='line_1_42' title="bbox 0 0 1268 4246; baseline 0 0"><span class='ocrx_word' id='word_1_390' title='bbox 0 0 1268 4246; x_wconf 95' lang='lat' dir='ltr'> </span> 
     </span>
    </p>
   </div>
  </div>
 </body>
</html>
