2526 4246
213 147 257 186 nn
275 146 421 188 onaronn
439 147 501 187 nra.
521 149 543 198 1,
564 145 633 188 car.
652 148 842 198 xxv-xxva,
864 152 874 199 e
890 149 980 193 117-123
1098 137 1133 190 57

56 254 144 318 eliam
158 253 186 318 si
203 262 415 318 commovetur
429 251 610 330 indicendo,
630 264 733 319 tamen
747 253 910 338 impudens
922 254 1053 320 videtur.
1065 253 1131 319 Non

57 357 136 421 enim
157 354 318 442 pudendo,
341 354 394 420 sod
420 375 481 421 non
504 354 641 420 faciendo
663 356 704 433 id,
728 356 808 441 qnod
832 376 894 422 non
917 357 1011 435 deret,
1035 357 1132 443 impu-

57 459 175 524 dentiae
189 477 307 523 nomen
318 456 452 544 effugere
462 457 617 524 debemus.
664 457 762 542 Quem
778 478 851 524 vero
863 479 926 524 non
941 459 1036 544 pudet
1048 499 1088 507 —
1102 460 1132 525 id
1159 466 1206 519 121

59 561 134 646 quod
146 562 181 627 in
196 560 356 648 plerisque
366 558 455 626 video
468 600 518 638 —,
530 561 613 626 bunc
624 581 679 648 ego
692 580 751 626 nou
767 562 1006 647 reprehensione
1022 564 1131 640 solum,

59 664 216 729 sedetiam
238 682 339 749 poena
355 662 483 749 dignum
499 673 580 749 puto.
621 662 768 749 Equidem
792 675 821 729 et
841 665 873 729 in
890 665 975 730 vobis
997 665 1132 730 animad-
1175 743 1178 748 .

60 776 175 832 vertere
191 767 277 833 soleo
291 775 323 830 et
337 765 369 830 in
385 785 434 830 me
456 765 522 851 ipso
536 766 711 851 saepissime
726 767 877 851 experior,
894 777 928 832 ut
943 767 1130 832 exalbescam

61 869 88 932 in
113 868 276 956 principiis
303 867 422 933 dicendi
450 878 480 932 et
501 878 562 932 tota
585 878 688 934 mente
715 879 806 954 atque
836 869 1131 935 artubus-omnibns

58 971 298 1036 contremiscam.
322 969 570 1036 Adulescentulus
586 990 658 1035 vero
681 971 723 1036 sic
745 971 833 1036 initio
853 971 1049 1037 accusationis
1064 993 1132 1037 ena-

61 1074 189 1139 nimatus
201 1092 282 1150 sum,
291 1083 326 1137 ut
338 1073 394 1138 boc
405 1092 560 1139 summum
574 1073 757 1139 beneficium
769 1072 803 1157 Q.
818 1073 948 1158 Maximo
960 1075 1130 1152 debuerim,

59 1176 135 1260 quod
158 1176 306 1242 continuo
328 1177 488 1241 consilium
510 1174 670 1254 dimiserit,
694 1177 785 1241 simul
813 1197 846 1241 ac
876 1197 925 1243 mc
948 1177 1075 1242 lractum
1098 1198 1131 1242 ac

58 1278 252 1344 debilitatum
274 1289 358 1344 metu
381 1278 500 1344 viderit.
566 1350 568 1354 .

97 1382 148 1447 llic
163 1401 274 1448 omnes
290 1381 408 1447 adsensi
427 1381 598 1468 significare
614 1383 696 1447 inter
710 1402 742 1447 sc
758 1392 785 1447 ct
809 1383 938 1466 colloqui
955 1394 1129 1467 coeperunt.
1160 1387 1208 1441 122

58 1484 122 1549 Fuit
145 1485 231 1550 enim
254 1483 402 1549 mirificus
424 1485 549 1569 quidam
565 1485 595 1549 in
616 1483 722 1549 Crasso
744 1483 852 1568 pudor,
876 1485 928 1568 qui
952 1495 1129 1550 tamennon

56 1589 172 1652 obesset
195 1588 263 1653 eius
279 1587 418 1664 orationi,
434 1586 484 1652 sed
502 1587 662 1673 probitatis
677 1586 941 1652 commendatione
964 1586 1129 1671 prodesset.

97 1690 255 1757 XXVII.
272 1688 350 1754 Tum
362 1690 518 1768 Antonius
532 1690 638 1775 Saepe,
651 1700 684 1755 ut
696 1689 779 1767 dicis,
792 1689 901 1774 inquit,
916 1689 1129 1769 animadverti,

55 1793 170 1870 Crasse,
200 1803 233 1857 et
263 1803 293 1857 16
322 1801 352 1856 61
380 1803 494 1858 ceteros
523 1812 659 1858 summos
686 1802 834 1870 oratores,
863 1813 1049 1877 quamquam
1076 1793 1130 1858 tibi

55 1917 111 1981 par
124 1917 190 1961 mea
207 1893 358 1961 sententia
382 1916 473 1961 nemo
496 1916 631 1981 unquam
647 1896 712 1973 luit,
729 1896 760 1958 in
784 1895 903 1960 dicendi
922 1896 1048 1961 exordio
1064 1917 1132 1981 pcr-

57 2000 182 2065 moreri.
231 1997 323 2065 Cuius
339 1998 463 2084 quidem
487 1999 530 2065 rei
548 2020 617 2064 cum
640 2019 761 2064 causam
776 2019 966 2084 quaererem,
983 1999 1130 2084 quidnam
1159 2005 1208 2059 123

55 2111 279 2179 essetecum
301 2102 332 2165 in
356 2121 476 2187 quoquc
498 2111 618 2167 oratore
640 2101 810 2186 plurimum
833 2112 920 2179 esset,
942 2102 981 2167 ita
998 2102 1132 2167 manime

56 2204 80 2267 is
95 2205 335 2288 pertimesceret,
354 2204 408 2268 bas
423 2224 526 2271 causas
541 2203 737 2269 inveniebam
752 2203 843 2267 duas:
869 2223 973 2280 unam,
991 2203 1071 2288 quod
1088 2204 1131 2267 in-

55 2309 236 2393 tellegerent
259 2306 290 2383 ii,
318 2327 393 2391 quos
419 2328 491 2372 usus
518 2328 552 2371 ao
580 2317 689 2372 natura
715 2305 873 2383 docuisset,
909 2325 1131 2390 nonnunquam

55 2411 183 2475 summis
198 2409 371 2475 oratoribus
384 2429 444 2474 non
461 2410 533 2474 satis
548 2430 586 2474 ex
600 2409 751 2475 sententia
767 2419 911 2474 eventum
928 2408 1048 2473 dicendi
1064 2429 1131 2494 pro-

54 2512 175 2591 0111616
201 2513 243 2576 ita
273 2531 334 2576 non
361 2512 483 2589 iniuria,
508 2512 779 2597 quotienscumque
808 2510 952 2587 dicerent,
984 2511 1025 2589 id,
1050 2511 1130 2597 quod

125 2711 190 2755 121.
205 2713 240 2754 ut
263 2710 477 2756 exalbescam.
496 2721 546 2753 ecc.
567 2709 618 2753 Cic.
639 2708 693 2752 dice
708 2707 731 2751 di
749 2707 774 2751 se
798 2707 815 2751 il
836 2708 969 2753 medesimo
988 2709 1131 2753 nell'orotio

54 2794 107 2835 pro
116 2794 172 2836 repe
182 2781 308 2825 Deiotaro
317 2781 344 2832 (Ι,
356 2784 381 2824 1:
395 2793 459 2825 cum.
468 2815 486 2825 ..
498 2779 568 2824 initio
579 2779 675 2824 dicendi
686 2779 833 2823 coinnroveri
845 2779 947 2824 soleam.
956 2815 961 2823 .
970 2785 994 2827 .).
1005 2803 1029 2809 -
1045 2792 1132 2823 accu-

57 2852 207 2896 sationis.
226 2852 342 2896 Accenna
358 2850 490 2895 all'accusa
504 2849 534 2894 de
549 2851 688 2894 maiestate
702 2849 733 2892 da
747 2848 781 2893 lui
796 2848 858 2892 latta
874 2853 958 2893 contro
974 2849 1015 2893 Gn.
1030 2848 1130 2902 Papirio

59 2923 177 2976 (far-bone,
191 2923 208 2966 il
224 2923 307 2977 qualo,
327 2920 431 2967 essendo
453 2922 559 2973 console,
581 2921 600 2965 si
623 2934 666 2965 era
687 2920 791 2964 lasciato
810 2920 908 2964 vincere
932 2919 973 2964 dui
990 2920 1088 2965 Cimbri.
1105 2944 1131 2950 —

63 2994 90 3048 Q.
110 2993 264 3046 Maxi-raom·
283 2993 310 3038 fu
323 2992 390 3038 forse
407 2996 506 3046 pretore
521 2993 560 3036 nel
576 2994 631 3046 6351
645 2993 684 3035 119
698 3004 710 3035 6
726 2992 824 3034 console
840 2992 878 3035 nel
893 2992 948 3042 6381
963 2994 1007 3036 116.
1021 3016 1047 3021 -
1066 3005 1132 3036 oon-

62 3065 150 3109 tinuo
170 3085 197 3098 =
212 3064 229 3108 ll
245 3077 289 3118 per
303 3064 328 3108 ll.

127 3154 196 3198 122.
211 3153 407 3207 atanifacare
427 3154 514 3197 inter
534 3166 566 3196 aa
587 3172 614 3185 ==
627 3152 704 3205 aiano
719 3151 787 3194 inter
801 3164 828 3194 ae
840 3152 934 3204 facere.
956 3151 1003 3194 Ofr.
1018 3151 1073 3195 Cns.
1092 3151 1131 3194 De

66 3221 544 3276 11616001100111601101.,.
568 3222 718 3278 elqntflcaro
739 3226 884 3275 coeperant.
906 3245 930 3250 —
949 3223 1131 3274 probitatis

66 3294 334 3339 commendatione
353 3294 432 3339 -001
448 3294 517 3338 ferne
532 3292 648 3348 apperire
664 3292 688 3336 lo
702 3291 829 3336 modestia.

103 3381 830 3436 cap.xxv11.-lemotioccooaeoratore
846 3380 1026 3434 plurimum
1047 3385 1129 3424 esset

68 3470 90 3483 ι-
103 3465 145 3505 per
158 3456 251 3506 quanto
266 3465 299 3496 un
313 3455 410 3497 oratore
424 3452 490 3497 fosse
505 3452 595 3506 dapib
609 3451 676 3505 degli
686 3452 750 3496 altri.
764 3475 790 3484 -
804 3463 893 3503 caua,
911 3449 1014 3502 pruticu.
1029 3475 1053 3481 —
1071 3464 1132 3496 non

10 3518 12 3559 ἓ
69 3524 144 3567 actia
167 3537 201 3567 ea
221 3523 385 3568 sententio
406 3527 550 3568 eventum
573 3524 700 3567 dicandi
720 3522 895 3578 procedere
916 3539 943 3552 =
964 3534 1011 3565 non
1034 3535 1130 3575 sempra

71 3592 163 3638 rinecire
183 3595 223 3640 del
245 3597 309 3639 tutto
326 3594 431 3639 secondo
452 3595 469 3638 il
491 3589 615 3639 desiderio
637 3594 744 3639 l'effelto.
767 3618 791 3626 -
812 3605 873 3636 non
896 3592 1021 3635 iniuria
1043 3610 1068 3629 =
1084 3606 1131 3638 non

72 3675 136 3708 senza
149 3664 257 3718 regione.
270 3687 298 3694 —
312 3665 454 3710 dicerent
468 3685 494 3698 -
508 3664 528 3709 si
539 3678 710 3718 preparavano
726 3679 740 3709 a
755 3664 814 3715 dire,
825 3667 940 3706 tentuvan
952 3661 976 3704 di
990 3663 1096 3714 pariare.
1111 3649 1130 3707 b

73 3743 113 3776 unu
125 3735 205 3788 speeie
221 3734 387 3788 d'imperletto
405 3737 435 3780 de
449 3739 553 3784 conclu.
568 3736 606 3781 col
621 3735 695 3789 quale
711 3736 731 3779 si
747 3735 816 3779 suolo
832 3733 856 3776 ln
871 3732 912 3776 lot.
927 3731 1066 3784 significare
1082 3747 1131 3777 una

73 3803 147 3849 arione
160 3810 263 3856 tentata.
277 3819 316 3850 ma
329 3820 377 3851 non
390 3811 478 3861 potura
493 3806 623 3861 complere.
638 3807 703 3852 Note
719 3807 761 3860 poi
776 3806 793 3850 il
808 3817 877 3855 cong.
893 3815 938 3846 con
952 3817 985 3848 un
1002 3808 1130 3858 composto

74 3871 93 3916 di
106 3887 214 3933 cumque,
228 3874 320 3930 perche
335 3876 441 3932 dipendo
456 3877 488 3923 de
502 3878 566 3924 altre
580 3890 682 3935 propos.
695 3889 813 3934 espressa
826 3871 929 3921 ooll’inl.
