2526 4246
140 151 191 204 uu>
507 168 541 208 n.
559 168 664 209 runnu
682 166 846 209 crcuaours

139 273 243 338 omnia
266 274 339 352 iere,
362 294 421 360 qua
443 283 545 338 essent
566 272 704 352 clariora,
726 273 883 338 translatis
906 294 964 360 per
981 269 1185 341 similitudinem

63 387 113 440 158
140 373 242 439 verbis
264 374 343 440 dieta
365 386 450 453 sunt;
495 385 547 441 aut
568 394 629 460 quo
652 374 841 462 significetur
862 375 960 463 magis
983 397 1033 442 res
1059 388 1114 442 tota
1140 376 1187 440 sire

141 476 206 542 iacti
231 478 358 545 alicuius
373 478 437 543 sive
452 477 581 554 consilii,
596 488 630 544 ut
645 478 707 556 ille,
723 478 775 563 qui
791 478 996 545 occultantem
1014 482 1148 557 consulta,
1159 496 1188 542 ne

139 579 181 656 id,
205 580 286 666 quod
309 592 459 668 ageretur,
482 580 618 666 intellegi
640 591 750 666 posset,
779 579 900 647 duobus
930 583 1084 648 translatis
1109 579 1188 648 verbis

139 682 342 750 similitudine
364 685 428 770 ipsa
449 683 572 761 indicat,

185 815 446 902 Quandoquidem
469 817 495 880 is
516 837 547 880 se
570 816 775 881 circumvestit
795 814 896 895 dictis,
920 816 1021 901 saepit
1039 839 1070 883 se
1090 819 1156 883 dal.
1217 862 1222 867 -

183 971 247 1037 b'on
279 993 438 1058 nunquam
468 972 560 1037 etiam
591 970 725 1037 brevitas
753 971 957 1038 translatione
988 973 1146 1050 conficitur,
1167 978 1190 1035 ut

141 1073 233 1139 illud:
257 1073 295 1138 Si
316 1077 411 1139 tetum
432 1094 532 1139 euauu
553 1076 646 1160 supit.
669 1072 879 1160 imprudentia
901 1075 957 1141 teli
980 1075 1066 1140 missi
1093 1072 1191 1139 brerius

139 1176 272 1261 propriis
295 1177 398 1242 verbis
420 1177 532 1263 exponi
561 1196 622 1242 non
645 1176 754 1263 patuit,
777 1196 870 1262 quam
893 1187 941 1242 est
967 1198 1032 1244 uno
1054 1176 1192 1264 significata

64 1287 113 1341 159
140 1280 295 1344 translato.
341 1279 400 1345 Hoc
422 1281 453 1345 in
475 1298 588 1365 genere
602 1298 749 1364 persaepe
764 1277 841 1342 mihi
858 1278 1079 1348 admirandum
1096 1278 1192 1343 videtur

139 1381 213 1467 quid
235 1382 284 1460 sit,
307 1383 388 1468 quod
411 1403 517 1448 omnes
540 1381 694 1446 translatis
717 1392 748 1446 et
769 1380 878 1446 alienis
901 1383 1001 1469 magis
1031 1383 1193 1449 delectentur

139 1486 242 1550 verbis
264 1506 357 1571 quam
379 1485 513 1572 propriis
535 1495 565 1550 et
588 1484 659 1551 suis.

183 1588 256 1655 XL.
287 1588 371 1666 Nam,
395 1590 419 1653 si
443 1609 491 1653 res
523 1606 613 1652 suum
639 1606 751 1652 nomen
781 1595 812 1651 et
841 1586 1028 1654 vocabulum
1057 1585 1193 1673 proprian

141 1711 202 1756 non
227 1690 328 1767 habet,
352 1701 389 1756 ut
411 1712 473 1777 pes
503 1689 535 1753 in
562 1688 643 1766 navi,
677 1698 716 1754 ut
749 1707 896 1766 nexum,
921 1691 1005 1774 quod
1028 1710 1085 1775 per
1106 1689 1194 1753 libram

141 1793 249 1877 agitur,
272 1793 358 1858 utin
383 1814 479 1858 uxore
509 1791 724 1869 divortium,
755 1790 917 1856 necessitas
940 1793 1029 1878 cogit,
1052 1791 1130 1878 quod
1150 1805 1194 1853 non

142 1895 263 1972 babeas,
287 1895 412 1961 aliunde
441 1915 578 1973 sumere;
602 1895 654 1960 sed
685 1894 717 1957 in
743 1913 869 1959 suorum
892 1894 1061 1960 uerborum
1084 1893 1195 1959 maxima

141 1998 226 2083 copia
254 2008 357 2063 tamen
388 1998 528 2063 homines
559 1996 658 2061 aliena
687 1996 784 2062 malta
813 1996 919 2082 magis,
951 1997 975 2061 si
1007 2007 1078 2063 sunt
1100 1995 1196 2060 ratione

63 2101 115 2155 160
143 2103 297 2178 translata,
322 2100 481 2166 delectant.
526 2098 557 2163 ld
580 2098 714 2163 uuidere
736 2096 835 2176 oredo,
852 2099 901 2163 vel
925 2099 1009 2184 quod
1023 2099 1134 2186 ingenii
1148 2114 1198 2180 spe·

142 2204 240 2270 cimen
276 2214 321 2269 est
354 2202 507 2288 quoddam
541 2201 696 2266 transilire
730 2209 800 2265 ante
832 2199 927 2286 pedes
959 2202 1058 2286 posita
1095 2211 1125 2266 et
1153 2198 1197 2262 alia
1234 2250 1238 2261 ,

141 2309 230 2392 longe
252 2307 380 2392 repetita
403 2325 540 2383 sumere3
564 2305 613 2368 vel
637 2295 775 2388 quadis,
802 2302 854 2388 qui
885 2302 981 2382 audit,
1005 2305 1066 2370 alia
1095 2302 1197 2369 ducitur

208 2523 278 2567 158.
295 2523 414 2566 duobus
434 2522 616 2567 trauelatie
631 2521 752 2573 verbio,
768 2533 781 2564 e
796 2533 867 2565 sona:
882 2520 1069 2577 circumvestit,
1083 2520 1200 2576 saepit.-

144 2592 406 2647 Quandoquidem
423 2597 470 2638 etc.
485 2578 504 2636 b}
519 2607 551 2636 un
566 2604 638 2636 versa
653 2594 795 2636 tetrametro
810 2590 919 2636 traaaico
930 2592 1082 2648 catalettieo,
1091 2592 1152 2637 forae
1161 2586 1201 2632 del·

141 2662 301 2714 l'‹Antigane
312 2675 323 2703 ›
335 2663 359 2707 di
369 2663 453 2708 Accio.
467 2687 493 2694 —
504 2663 683 2718 couficitur
698 2680 724 2697 =
738 2660 758 2706 si
774 2661 919 2716 raggiunge,
934 2661 956 2706 si
971 2663 1072 2708 attiene.
1081 2685 1108 2694 -
1120 2673 1201 2707 uno..·

141 2733 325 2784 translato,
343 2732 408 2776 eloe:
421 2735 499 2788 sapit.

209 2811 279 2854 loo.
302 2811 366 2855 Hoc
387 2812 420 2855 iu
441 2825 555 2865 peracre
575 2830 601 2847 =
615 2812 643 2856 In
665 2814 757 2866 quanto
779 2825 794 2855 a
815 2808 901 2856 cib.-
922 2813 1157 2864 admirandum,
1173 2819 1203 2853 se·

141 2880 240 2933 guendo
254 2879 448 2933 l’interrogativa
463 2882 533 2936 quid,
548 2881 561 2926 e
575 2886 722 2936 pregnante,
736 2895 749 2926 e
764 2880 876 2935 significa
891 2881 957 2927 ciob:
973 2881 1155 2928 ‹domandarai
1166 2890 1203 2924 con

143 2946 288 3000 meraviglia
303 2959 314 2987 ›
330 2947 422 3002 (Cimo).

211 3031 283 3084 ceu.
301 3032 367 3076 XL.
389 3053 415 3061 —
436 3034 470 3074 ut
491 3043 543 3075 ens
565 3032 598 3076 iu
612 3032 695 3076 uaai.
716 3030 767 3076 Pee
782 3043 856 3084 apae
872 3030 924 3075 aeli
942 3029 963 3084 ὲ,
978 3031 1086 3077 secondo
1103 3029 1205 3076 definiero

143 3101 160 3145 il
170 3102 311 3157 Foroellini,
321 3104 390 3147 imae
401 3102 451 3146 aeli
461 3102 576 3157 capulus
587 3115 598 3145 c
609 3103 633 3146 la
642 3102 727 3155 bugna
735 3112 757 3155 ›;
767 3102 880 3155 itemque
889 3101 968 3155 sunio
978 3115 990 3146 ‹
1000 3100 1026 3146 la
1040 3105 1120 3148 scotta
1134 3112 1152 3155 ›,
1163 3110 1205 3155 que

142 3176 213 3218 ianus
227 3175 278 3219 aeli
296 3174 411 3229 capulus
426 3174 559 3227 utrimque
573 3174 705 3227 relipatur
724 3173 759 3217 ad
779 3173 865 3216 latera
883 3172 968 3216 uavie.
987 3172 1068 3218 Hunc
1082 3177 1106 3218 et
1122 3170 1206 3218 Graeci

144 3242 215 3295 πόδα
233 3254 332 3296 uacant.
347 3250 395 3294 Cir.
409 3249 473 3293 Aea.
488 3249 517 3301 V,
532 3250 583 3292 830:
603 3247 662 3292 Uua
673 3261 760 3292 omues
767 3250 852 3302 secere
858 3247 960 3301 pedem.
970 3271 997 3279 —
1006 3259 1130 3298 nexum:
1142 3248 1160 3300 I,
1169 3247 1208 3290 173.

143 3323 266 3377 —quod
283 3334 343 3376 per
365 3321 485 3365 libram
507 3320 618 3373 eapitur
632 3336 658 3353 =
672 3318 716 3362 eho
733 3317 753 3362 ei
768 3321 868 3362 coatrae
883 3330 928 3362 aon
944 3318 969 3361 le
984 3316 1055 3363 libra.
1069 3341 1095 3349 -
1110 3319 1209 3363 diaer-

141 3393 223 3436 tium
243 3392 283 3443 (da
298 3393 339 3436 die
354 3405 366 3435 o
384 3394 462 3439 verta)
477 3408 503 3425 z
517 3389 664 3442 diversione,
678 3387 750 3442 quasi
771 3388 815 3433 che
835 3387 852 3431 il
862 3386 972 3433 divorzio
987 3387 1068 3434 siaun
1083 3389 1159 3434 ander
1167 3399 1209 3432 uno

143 3461 175 3504 ‹la
184 3476 234 3506 una
243 3465 322 3516 parte,
333 3461 413 3505 l'altra
428 3460 557 3505 dall'altre.
568 3459 592 3504 Si
603 3459 705 3504 ricardi:
717 3459 830 3503 diuortia
844 3459 951 3503 uiarum
965 3477 992 3494 =
1007 3457 1100 3504 diversi
1110 3457 1170 3503 remi
1183 3456 1209 3500 da

142 3530 182 3574 cui
198 3532 218 3575 si
232 3535 320 3585 parton
336 3532 359 3576 le
374 3531 465 3583 strada,
484 3530 529 3574 ohe
546 3530 589 3574 nai
614 3529 731 3574 diremmo
747 3529 824 3573 anche
839 3528 993 3574 diverticuli.
1010 3551 1037 3560 —
1056 3531 1139 3585 qaod
1156 3539 1210 3573 aaa

142 3601 273 3655 babeas,
288 3603 422 3646 aliuude
437 3614 561 3645 sumere
581 3599 628 3645 blo
643 3604 721 3645 stesso
736 3600 858 3653 pensiero,
869 3598 1028 3645 manifestato
1044 3601 1124 3646 conlo
1138 3604 1210 3645 stesso

142 3671 236 3724 parole,
250 3671 290 3715 del
304 3673 314 3723 ἒ
329 3674 374 3716 156.
388 3695 412 3702 -
428 3671 557 3715 ratioue
572 3689 598 3705 =
612 3684 658 3715 con
672 3670 787 3724 giudizio.

210 3754 280 3798 160.
297 3755 479 3808 antepedes
490 3755 615 3807 postte,
632 3768 676 3798 son
691 3755 713 3799 le
729 3767 786 3798 cose
797 3755 867 3798 orvie
879 3768 892 3798 e
903 3752 990 3808 vicine,
999 3755 1045 3800 ohe
1056 3754 1168 3800 abbiamo
1178 3757 1212 3796 tre

139 3823 209 3878 pierii
226 3837 239 3868 o
254 3838 269 3868 a
283 3836 363 3877 mano,
378 3837 452 3868 senza
468 3835 516 3877 pur
530 3836 716 3876 uacargercene.
730 3847 756 3854 —
779 3825 869 3879 toriae
891 3825 1036 3879 repetita
1057 3838 1101 3870 aon
1122 3825 1212 3870 lecese

130 3896 256 3951 singolari
275 3912 288 3945 a
305 3896 403 3945 rimote.
422 3897 528 3943 Altrove
549 3895 599 3942 Cio.
613 3909 660 3941 usa
674 3896 749 3942 laur.
767 3897 828 3941 atta.
845 3918 870 3926 -
895 3896 961 3938 atto
984 3897 1113 3941 tacitae
1135 3895 1212 3950 aaut·

302 4150 327 4176 A
