2526 4246
141 108 191 162 :na
510 123 542 163 nr.
562 124 668 164 aucun
688 122 851 165 crcuuoms

67 242 116 296 tao
184 226 405 295 Ornatissimae
426 240 498 295 sunt
519 228 612 316 igitur
640 229 792 296 orationes
814 244 877 306 eae,
900 248 980 314 qnae
1001 227 1135 294 latissime
1152 248 1190 292 ra-

140 343 252 418 gantur
273 341 303 397 et
325 354 342 396 a
361 333 481 418 privata
504 331 547 419 [et
569 354 586 398 a
609 331 768 419 singulari]
791 330 1000 398 controversia
1025 352 1057 398 se
1083 330 1118 396 ad
1139 329 1191 397 uni·

141 434 222 500 versi
244 435 365 520 generis
388 434 451 499 vim
473 434 686 520 explicandam
707 432 869 500 conserunt
883 443 914 500 et
928 431 1192 510 convertuntutii,

141 536 192 622 qui
216 536 351 609 audiant,
375 547 484 608 natura
506 547 537 603 et
558 556 671 623 genere
692 546 721 603 et
744 535 890 603 universa
913 557 948 602 re
961 537 1087 624 cognita,
1101 535 1192 602 desiu-

64 651 112 705 1‘21
139 640 218 725 gulis
249 640 308 704 reis
337 650 367 704 et
398 638 578 706 criminibus
607 650 637 705 et
666 639 771 705 litibus
799 648 935 705 statuere
964 638 1088 726 possint.
1129 637 1193 703 Hanc

140 741 178 806 ad
200 741 451 807 consuetudinem
474 741 699 807 exercitationis
720 762 784 818 vos,
806 740 1028 818 adulescentes,
1046 750 1091 807 est
1109 741 1193 808 cohor-

140 854 218 910 tatus
241 844 389 910 rlntonius
411 854 503 929 atque
532 865 549 909 a
574 844 703 911 minutis
724 843 921 930 angustisque
944 844 1196 911 concertationibus

138 947 177 1011 ad
199 967 323 1012 omnem
339 947 402 1012 vim
425 948 665 1033 varietatemque
686 968 740 1013 vos
755 946 927 1013 disserendi
943 948 1139 1016 traducendos
1154 967 1196 1033 pu·

138 1050 222 1115 tacit.
239 1049 340 1132 Quare
353 1071 413 1115 non
427 1061 472 1115 est
486 1070 654 1136 paucorum
670 1049 846 1116 libellorum
863 1051 920 1117 boc
935 1070 1059 1128 munus,
1070 1061 1104 1119 ut
1116 1050 1145 1125 ii,
1155 1048 1194 1135 qui

137 1150 326 1236 scripserunt
347 1151 385 1217 de
405 1151 526 1218 dicendi
551 1151 680 1229 ratione,
706 1152 907 1231 arbitrantur,
931 1173 1034 1239 neque
1054 1148 1195 1220 Tusculani

137 1263 229 1339 atque
252 1253 344 1320 buius
359 1254 575 1321 ambulationis
590 1255 852 1321 antemeridianae
866 1265 920 1322 ant
935 1267 1058 1322 nestrae
1071 1253 1196 1342 posmeri-

138 1357 248 1422 dianae
270 1357 421 1423 sessionis.
445 1357 510 1423 Non
533 1359 617 1423 enirn
639 1359 738 1425 solum
761 1357 897 1424 acuenda
919 1359 1010 1424 nobis
1031 1380 1128 1446 neque
1144 1377 1197 1444 pre

138 1460 275 1527 cudenda
299 1461 402 1547 lingua
428 1472 484 1537 est,
507 1460 559 1527 sed
589 1460 781 1527 onerandum
807 1461 1087 1549 complendumque
1111 1471 1197 1548 pectus

138 1564 344 1629 maximarum
378 1584 481 1630 rerum
515 1574 546 1629 et
578 1564 785 1650 plurimarum
816 1563 987 1642 suavitate,
1025 1565 1128 1651 copia,
1159 1583 1197 1626 ra-

139 1667 255 1731 rietate.

79 1820 113 1835 ,c
181 1766 317 1833 XXXI.
339 1765 444 1833 Nostra
466 1778 511 1833 est
533 1767 616 1833 enirn
636 1770 725 1834 -si
753 1768 844 1834 modo
867 1788 923 1834 nos
952 1780 1097 1847 oratores,
1125 1769 1147 1834 si
1170 1766 1194 1830 in

137 1869 250 1935 civium
272 1870 549 1955 disceptationibus,
572 1870 597 1935 si
620 1871 652 1936 in
675 1871 829 1957 periculis,
850 1871 875 1937 si
894 1872 927 1937 in
943 1871 1194 1940 deliberationibus

137 1973 266 2058 publicis
282 1972 448 2038 adhibendi
464 1985 599 2039 auctores
616 1984 647 2039 et
661 1974 816 2060 principes
831 1994 938 2040 snmus
954 2014 1010 2054 -,
1030 1985 1133 2041 nostra
1151 1982 1193 2045 ec

137 2075 273 2161 inquam,
286 2076 385 2141 omnis
401 2077 457 2141 ista
472 2076 653 2162 prudentiae
668 2077 884 2162 doctrinaeque
898 2079 1058 2163 possessio,
1075 2079 1106 2144 in
1120 2091 1191 2163 quan

140 2179 279 2245 homines
302 2180 388 2265 quasi
403 2178 545 2244 caducam
561 2189 651 2264 atque
670 2200 797 2246 vacuam
819 2179 1011 2247 abundantes
1033 2181 1103 2257 otio,
1124 2174 1192 2244 nobis

204 2436 275 2480 120.
292 2435 458 2479 latissime
483 2435 648 2487 coquntur
664 2450 691 2468 =
708 2432 826 2487 spariano
847 2445 893 2486 per
913 2432 960 2486 piu
980 2434 1051 2488 largo
1073 2445 1158 2488 eampo.
1172 2449 1191 2458 -

138 2509 260 2549 uuturu
281 2510 309 2550 ct
330 2518 442 2559 percara
464 2507 492 2549 ct
512 2504 666 2548 arnicauso
687 2516 729 2557 rc,
747 2504 772 2549 lo
786 2502 924 2558 quelitbla
939 2501 1190 2558 specieel'esteusionc

138 2575 204 2619 della
219 2589 295 2620 ceusu
309 2576 404 2627 (Cima).
418 2599 444 2606 —
458 2576 524 2619 reis
545 2577 573 2618 st
592 2574 794 2620 criminibus
811 2578 840 2620 et
858 2574 980 2620 litibus.
993 2575 1074 2632 Reus,
1091 2574 1190 2621 accusatu

136 2646 243 2699 crimen,
259 2646 333 2700 colpe
348 2646 372 2690 di
387 2646 427 2690 cui
442 2645 462 2689 si
478 2644 490 2689 e
506 2644 629 2699 accusati3
644 2645 685 2699 lia,
701 2649 803 2690 contesa
816 2645 923 2699 privetu.

203 2758 269 2801 121.
286 2758 473 2812 aequatis...
501 2759 817 2812 concertationibus,
837 2758 937 2813 concisi,
958 2760 1042 2814 rapidi
1056 2753 1190 2806 battibecchi

136 2850 162 2857 —
186 2827 371 2872 disserendi
395 2828 407 2872 ia
428 2832 492 2872 retto
510 2828 609 2873 danim
624 2842 637 2874 e
652 2831 816 2884 uarietatem,
830 2830 875 2874 che
885 2829 928 2884 qui
943 2829 1057 2877 formano
1067 2828 1190 2878 endiadi-

136 2909 197 2942 acou
212 2899 258 2941 cat
269 2911 450 2952 paucorum
465 2899 655 2944 libellorum
673 2899 767 2952 (dimin.
781 2900 806 2945 di
822 2901 897 2952 liber)
917 2901 973 2946 boc
994 2915 1110 2948 munus
1122 2909 1191 2943 =11⁰ss

137 2967 150 3013 ὲ
168 2973 255 3023 questo
277 2984 309 3015 un
325 2974 469 3024 argomento
485 2970 516 3015 da
531 2970 637 3026 spedirsi
652 2984 699 3016 con
713 2971 787 3027 pochi
802 2971 922 3017 libercoli.
936 2995 962 3003 -
981 2971 1156 3019 Tusculani
1166 2967 1191 3013 si

136 3041 249 3094 seguenti
264 3042 367 3095 genitivi
382 3042 522 3096 dipendono
537 3042 593 3088 tutti
611 3042 656 3087 ds:
670 3056 775 3088 muscus.
790 3042 899 3088 Intendi:
913 3041 944 3088 ne
960 3042 974 3088 b
989 3056 1049 3089 cosa
1063 3044 1096 3090 ds
1108 3045 1191 3090 treton

135 3112 176 3155 nel
193 3112 332 3159 Tusculano
354 3114 423 3164 (villa
440 3113 480 3158 nel
496 3113 619 3166 Tusculo),
636 3126 685 3157 ecc.
699 3137 725 3144 —
745 3114 897 3158 acuenda·
917 3113 956 3158 Du
971 3128 986 3159 s
1000 3120 1090 3170 questo
1104 3108 1191 3159 vernol

136 3183 275 3235 significato
287 3184 323 3229 di:
338 3187 484 3230 caercitars.
494 3207 520 3214 --
529 3177 745 3239 procudenda.
760 3184 905 3229 Procudo
920 3185 988 3231 vele:
1003 3187 1134 3232 tundenda
1144 3193 1191 3229 actu

135 3271 161 3288 =
181 3268 272 3306 aguano
287 3255 406 3300 battendo
422 3256 470 3308 (eol
489 3255 602 3299 martello
617 3253 681 3298 sulla
696 3253 827 3306 incudin'e).
848 3255 867 3299 Ε
883 3255 949 3300 delle
971 3268 1029 3302 cose
1051 3253 1189 3302 materialis

135 3327 259 3377 trasporta
271 3340 285 3369 a
296 3326 348 3369 dire
367 3326 444 3370 anche
455 3326 494 3370 del
510 3325 621 3369 discorso
636 3337 649 3368 o
665 3324 731 3369 della
745 3325 838 3381 lingua,
852 3325 950 3380 quindi:
964 3327 1074 3373 cffinsre.

176 3442 250 3494 cap.
278 3443 403 3488 XXXI.
428 3467 454 3474 —
479 3445 549 3488 122.
575 3444 924 3497 disceptationibus...
953 3446 1115 3500 periculis
1134 3462 1158 3481 =
1176 3443 1191 3485 it

134 3512 223 3554 caereis
236 3514 353 3565 privatis
368 3517 391 3557 et
407 3515 520 3567 publicis
535 3515 632 3568 (Sorof).
646 3537 672 3545 -
686 3518 837 3559 auctores
862 3519 890 3560 et
911 3516 1083 3572 principos
1105 3534 1131 3553 =
1151 3525 1190 3569 pro

134 3576 223 3620 motori
238 3589 250 3621 e
266 3578 330 3630 oapi.
344 3601 369 3610 —
381 3581 582 3634 prudentius
606 3581 851 3635 doctrinaeque,
873 3594 949 3627 senno
970 3583 1069 3637 pretioo
1088 3597 1101 3628 e
1120 3593 1192 3636 supera

133 3646 236 3700 teorico,
252 3648 335 3698 specio
357 3649 374 3693 il
396 3649 521 3695 filosofico.
535 3673 562 3681 -
583 3652 744 3706 caducum,
765 3652 797 3696 da
818 3654 883 3698 cudo
897 3671 923 3689 =
938 3653 1029 3699 osduta
1043 3654 1068 3699 di
1086 3663 1192 3708 possesso

133 3730 202 3762 come
216 3730 249 3761 un
264 3716 338 3762 londo
349 3718 393 3763 che
405 3732 419 3762 o
433 3733 479 3785 per
494 3724 571 3765 morte
586 3734 600 3764 o
615 3735 660 3774 per
671 3721 735 3767 altra
745 3735 821 3767 causa
834 3722 903 3776 passi
917 3723 984 3768 nelle
999 3724 1066 3770 meni
1075 3724 1114 3770 del
1124 3723 1192 3768 flscoc

130 3788 157 3835 di
175 3787 215 3835 clai
233 3799 306 3833 mono
327 3801 354 3833 se
375 3789 498 3844 l’aspettc.
512 3814 539 3821 -
555 3804 703 3846 uacuam,
726 3806 800 3837 senze
820 3793 939 3846 pedrone.
955 3817 982 3825 -
1003 3796 1192 3842 abundanter

118 3864 200 3920 otio,
216 3860 384 3919 disoccupati,
400 3861 566 3920 slaccendati,
579 3861 607 3908 in
620 3862 732 3918 opposta.
745 3875 774 3907 a:
787 3863 878 3907 uobis
892 3865 1058 3918 occupatis
1074 3882 1101 3903 =
1112 3866 1192 3910 meatu
