2526 4246
140 160 192 213 140
506 174 540 212 m.
559 174 665 214 runnu
683 173 846 216 memnonis

146 298 248 344 rerum
272 278 423 344 videtisne
446 281 530 344 nulla
553 299 619 345 esse
641 289 811 366 praecepta,
827 299 905 364 quae
927 279 959 345 in
982 278 1102 345 artibus
1116 277 1205 343 rbeto

143 396 212 441 rum
235 378 449 461 reperiantur?

184 474 217 539 ln
241 475 347 541 eodem
375 476 496 541 silentio
527 479 624 542 multa
651 477 709 542 alia
737 486 893 541 oratorum
920 474 1018 540 officia
1045 474 1204 548 iacuerunt,

141 573 378 651 cohortationes,
401 585 576 660 praecepta,
599 574 835 650 consolationes,
859 573 1030 652 admonita;
1057 592 1136 658 quae
1156 580 1206 635 tru-

141 671 248 736 ctanda
261 684 333 737 suut
348 672 451 737 omnia
466 672 674 747 disertissime,
691 672 743 738 sed
753 673 854 737 locum
869 670 1007 737 suumin
1025 670 1073 735 bis
1088 669 1206 744 artibus

80 773 115 828 65
142 789 220 854 quae
243 769 371 834 traditae
393 782 474 847 sunt,
499 771 611 836 babent
627 772 758 836 nullum.
804 769 901 854 Atque
916 769 948 834 in
965 770 1023 834 hoc
1034 788 1148 854 genere
1161 768 1207 831 illa

142 886 263 951 quoque
293 877 337 931 est
367 867 488 934 infinita
515 869 601 946 silva,
630 868 711 954 quod
738 868 850 933 oratori
882 867 1032 953 plerique,
1060 876 1096 932 ut
1124 865 1208 932 etiam

142 964 266 1029 Crassus
288 965 429 1042 ostendit,
456 966 517 1031 duo
543 987 654 1051 genera
682 965 719 1031 ad
742 965 905 1032 dicendum
928 964 1095 1031 dederunt:
1119 982 1208 1030 unum

141 1061 179 1126 de
202 1071 282 1126 certa
305 1061 492 1148 definitaque
515 1085 612 1138 causa,
636 1067 741 1149 quales
759 1073 840 1140 sunt,
863 1063 990 1148 quaein
1006 1062 1122 1140 litibus,
1138 1081 1210 1148 quae

143 1158 175 1222 in
198 1159 468 1225 deliberationibus
491 1174 654 1228 versantur
676 1202 717 1208 —
740 1161 844 1237 addat,
868 1161 891 1225 si
916 1161 984 1247 quis
1008 1163 1101 1238 volet,
1124 1160 1210 1226 etiam

142 1257 331 1323 laudationes
357 1297 376 1303 -
401 1283 408 1336 ;
432 1261 573 1335 alterurn,
590 1261 670 1345 quod
693 1261 850 1346 appellant
872 1279 979 1324 omnes
1002 1258 1067 1324 lere
1090 1259 1210 1344 scripto

143 1375 201 1431 res
224 1357 354 1441 explicat
380 1377 481 1433 nemo,
506 1357 659 1423 infinitam
686 1358 806 1443 generis
836 1357 902 1422 sine
932 1366 1072 1442 tempore
1097 1367 1128 1422 61
1150 1356 1211 1421 sine

143 1474 272 1538 persona
295 1456 512 1540 quaestionem.
537 1455 597 1520 lloc
618 1456 691 1542 quid
714 1468 744 1521 et
766 1465 916 1540 quantum
939 1455 986 1531 sit,
1011 1475 1082 1521 cum
1101 1454 1211 1529 dicunt,

81 1568 117 1621 66
143 1553 319 1640 intellegere
343 1553 417 1617 milii
443 1573 504 1617 non
528 1552 682 1619 videntur.
727 1554 757 1618 Si
781 1553 866 1618 enim
888 1563 933 1618 est
964 1553 1104 1630 oratoris,
1128 1572 1213 1638 quao-

140 1671 270 1736 cumque
294 1671 341 1716 res
364 1650 485 1715 infinite
508 1651 605 1737 posita
627 1653 674 1725 sit,
699 1652 737 1717 de
759 1671 794 1716 ea
817 1670 904 1737 posse
928 1650 1038 1729 dicere,
1051 1650 1212 1716 dicendum

142 1751 200 1814 erit
227 1751 264 1823 ei,
288 1761 401 1834 quanta
432 1751 470 1813 sit
498 1751 569 1815 solis
596 1750 790 1837 magnitudo,
815 1769 893 1834 quae
915 1749 1014 1815 lorma
1037 1760 1153 1827 terrae3
1178 1749 1213 1815 de

143 1848 373 1923 mathematicis
397 1848 434 1912 do
457 1849 579 1913 musicis
603 1850 693 1914 rebus
720 1868 782 1912 non
808 1848 922 1932 poterit
949 1848 1024 1933 quin
1047 1848 1137 1925 dicat,
1163 1849 1214 1912 hoc

142 1966 236 2010 onere
265 1955 411 2030 suscepto,
443 1967 590 2011 recusare.
636 1947 775 2031 Denique
806 1946 844 2021 ei,
874 1946 927 2032 qui
957 1946 1123 2032 profitetur
1152 1965 1213 2012 esse

143 2064 232 2109 suum
255 2064 316 2107 non
340 2046 438 2108 solum
454 2043 492 2108 de
509 2045 544 2108 iis
559 2045 782 2121 controversiis
799 2064 878 2129 quae
897 2045 1089 2130 temporibus
1103 2055 1136 2110 et
1149 2065 1213 2131 per·

142 2141 223 2206 sonis
245 2152 365 2207 notatae
389 2153 469 2218 sunt,
494 2143 550 2207 boc
572 2153 625 2220 est,
643 2142 839 2208 deomnibus
856 2141 1038 2219 forensibus,
1055 2142 1212 2209 sedetiam

142 2240 180 2306 tle
202 2261 348 2328 generum
372 2241 502 2307 inlinitis
526 2241 753 2325 quaestionibus
769 2240 880 2318 dicere,
897 2242 1020 2306 nullum
1036 2251 1212 2326 potestesse

142 2360 238 2426 genus
260 2341 414 2418 orationis,
439 2338 520 2424 quod
543 2340 580 2402 sit
603 2350 772 2424 exceptum.

100 2457 116 2471 ·
186 2438 282 2504 XVl.
307 2438 376 2514 Sed,
400 2438 424 2501 si
453 2437 538 2499 illam
567 2455 688 2519 quoque
714 2451 832 2520 partem
860 2435 1074 2520 quaestionum
1102 2433 1210 2500 oratori

145 2538 285 2600 volumus
307 2535 474 2620 adiungere
497 2553 603 2618 vagam
626 2545 656 2597 et
678 2533 807 2598 liberam
823 2543 853 2597 ot
873 2535 934 2598 late
949 2542 1114 2618 patentem,
1131 2543 1164 2598 ut
1177 2531 1211 2597 de

144 2773 169 2779 -
186 2751 343 2794 videtisne
357 2769 382 2784 =
397 2760 482 2794 nonne
496 2747 602 2799 videtis,
617 2760 629 2790 6
645 2747 696 2790 cosl
711 2745 732 2790 si
746 2745 870 2798 giustifico
880 2747 904 2792 la
915 2747 959 2791 loz.
970 2746 1048 2790 nulla
1058 2745 1175 2801 peralta.
1189 2766 1210 2774 -

145 2818 176 2859 in
198 2817 327 2861 artibus
350 2818 517 2860 rhetorum
535 2833 562 2846 =
581 2812 619 2856 nei
640 2813 733 2857 trattati
757 2812 1211 2861 (1116161166.-11111166611166,

144 2897 224 2938 quae
247 2885 392 2928 traditae
414 2884 489 2926 orent
504 2901 530 2913 =
545 2880 582 2924 nei
599 2879 695 2924 truttnti
709 2879 787 2924 scritti
802 2878 887 2924 finoru.

210 2982 260 3024 ⁰5.
275 2982 372 3034 siloa,
387 2980 426 3024 nol
435 2977 578 3030 linguaggio
592 2976 710 3021 filosofieo
724 2977 791 3020 rulo:
806 2976 910 3020 matoria
920 2977 1012 3031 primn;
1023 2976 1063 3021 nel
1074 2973 1211 3029 linguaggio

145 3048 262 3091 rotorico:
278 3047 413 3091 materiale.
424 3043 553 3089 Forcellini
570 3043 720 3087 coslscrive:
735 3042 867 3087 translate
886 3044 975 3087 siloa
989 3046 1027 3087 eet
1042 3053 1213 3096 quaecumque

143 3115 272 3168 cormerico
287 3118 310 3158 et
321 3114 414 3168 prinea
435 3111 516 3154 cetrati
533 3111 656 3163 prataria,
676 3123 706 3153 esc
725 3122 778 3164 quo
797 3108 897 3162 deinde,
913 3110 981 3163 qaod
995 3109 1124 3160 volumno,
1137 3119 1212 3153 secer·

144 3183 239 3225 itineres.
259 3205 284 3212 --
306 3180 461 3230 ostendit,
484 3175 536 3220 ciob
552 3176 572 3223 Ι,
590 3178 615 3218 :tt
633 3190 645 3219 6
663 3173 863 3227 138oseguenti.
884 3198 910 3205 —
933 3176 967 3219 de
988 3179 1078 3220 certa
1099 3173 1213 3230 desini·

144 3253 240 3302 taque
255 3261 365 3301 eausa,
380 3245 444 3290 dalle
455 3257 528 3287 cause
540 3242 888 3286 11616116166166661161616.-
904 3242 914 3285 i
920 3242 969 3295 nsi
976 3243 1091 3296 tritam,
1106 3243 1213 3287 ostrettu

145 3315 172 3359 V.
188 3319 198 3365 1
212 3319 246 3358 rt.
260 3338 284 3344 -
300 3315 368 3358 ciete
392 3318 569 3365 16616616Ξ
584 3322 656 3352 senza
677 3305 885 3352 ‹letcrrninoziono
902 3308 925 3352 di
943 3313 1032 3362 tempo.

211 3413 263 3455 θθ.
280 3424 360 3465 61166
374 3412 393 3465 s
395 3421 484 3454 arnna
503 3411 621 3451 terrae.
633 3405 663 3449 Di
673 3407 727 3458 quo’
735 3403 810 3457 tempi
822 3403 1215 3456 166616166116161666116161666

145 3476 210 3520 dello
225 3482 291 3521 terro
306 3489 429 3529 6166666
445 3488 489 3528 por
503 3473 554 3527 giu,
568 3486 636 3517 come
652 3470 736 3524 quella
746 3469 769 3513 di
784 3469 900 3523 Etodoto,
918 3471 934 3514 11
950 3471 1023 3523 quola
1039 3467 1214 3524 concepivatul

145 3544 222 3587 forino
238 3543 357 3596 piuttosto
368 3542 438 3585 ovalo
449 3541 493 3584 clio
502 3539 628 3592 circolere,
638 3550 683 3581 con
695 3536 719 3580 in
730 3548 812 3580 mezzo
823 3534 847 3577 lo
858 3534 959 3586 Gratim
974 3549 1047 3580 sonno
1063 3536 1107 3581 che
1119 3547 1215 3590 sapesso

145 3610 203 3653 dare
219 3608 306 3652 confini
322 3607 411 3661 precisi
427 3606 574 3659 ull'lluropa.
590 3629 614 3635 -
626 3616 686 3649 non
704 3601 828 3657 poterit
850 3603 929 3654 auin
951 3603 1039 3646 dicat
1059 3614 1216 3647 recusare.

145 3674 249 3728 Disponi
264 3673 328 3718 cosl:
343 3686 395 3717 non
406 3673 504 3727 poterit
525 3684 648 3717 recusare
667 3670 730 3723 qum
746 3669 823 3712 dicat.
840 3689 865 3696 —
881 3669 1078 3723 temporibus
1100 3673 1128 3713 61
1148 3679 1216 3724 per·

145 3741 237 3786 aonio
259 3744 393 3784 notatae
414 3742 490 3784 ourtt
510 3759 537 3772 ==
551 3751 595 3782 son
610 3738 812 3788 contruusegnote
828 3732 893 3777 dalle
908 3735 1060 3779 circostanze
1075 3734 1100 3779 di
1115 3745 1217 3790 persone

46 3832 49 3840 ·
145 3824 158 3851 6
175 3806 200 3851 di
215 3810 305 3860 tempo.

177 3896 255 3949 sap.
274 3896 364 3942 ΧΠ.
380 3919 407 3927 -
422 3895 475 3941 67.
492 3894 707 3950 adiurtpere=
719 3889 896 3935 6616666616.-
909 3890 1047 3934 liberam
1058 3872 1217 3935 -iudellnitu
