2526 4246
159 155 212 211 336
531 172 565 212 n.
583 172 690 214 runnu
708 170 873 215 erumnosus

202 276 298 361 Atque
320 276 408 362 iliud,

201 400 300 465 Erras
323 422 408 466 erras
419 424 432 478 ;
455 422 532 466 narn
553 401 756 466 exsultantem
779 412 805 465 te
826 412 854 465 et
869 403 1095 488 praefidentem
1115 403 1163 468 tibi
1255 390 1257 397 ¹

202 499 384 582 Repriment
393 501 515 565 vnbdae
523 501 627 585 lapara
634 497 770 564 habenae
777 509 868 585 amne
878 501 999 584 imperi
1008 503 1141 567 insistent
1148 502 1211 587 inps.

82 646 131 700 167
201 640 329 726 Sumpta
352 641 511 719 insimili,
536 640 629 705 verba
651 640 717 706 eius
740 640 784 706 rei
806 642 934 727 propria
957 642 1102 731 deinceps
1115 644 1145 710 in
1163 662 1211 708 rem

159 742 262 820 aliam,
285 753 319 808 ut
340 743 414 821 dixi,
439 743 677 809 transferuntur.

199 857 314 923 XLII.
335 856 385 922 Est
415 859 471 923 hoc
495 877 642 943 magnum
672 868 888 924 ornamentum
920 860 1084 937 orationis,
1112 861 1144 926 in
1168 879 1214 945 qm

157 959 323 1025 obscuritas
345 960 488 1046 fugienda
505 970 563 1039 est;
580 959 695 1025 etenim
719 960 776 1025 hoc
790 959 853 1026 iere
867 979 985 1047 genere
1001 961 1082 1029 fiunt
1098 983 1140 1040 ca,
1154 981 1214 1047 quae

156 1061 300 1128 dicuntur
322 1063 502 1148 aenigmata.
527 1060 592 1127 Nou
615 1072 661 1127 cst
682 1071 785 1128 autem
806 1062 840 1127 iu
862 1063 960 1128 verbo
976 1065 1088 1130 modus
1103 1065 1156 1142 hic,
1174 1061 1213 1128 seb

158 1164 189 1228 in
212 1164 358 1242 oratione,
375 1164 476 1243 idest,
493 1166 526 1230 in
544 1165 772 1231 continuatione
786 1164 965 1231 verborum.
983 1166 1027 1233 Ne
1042 1168 1095 1234 illa
1112 1168 1214 1254 quidem

156 1266 305 1333 traductio
327 1276 418 1354 atque
441 1268 614 1334 immutatio
636 1268 669 1333 in
692 1267 788 1334 verbo
816 1268 976 1352 quandam
1006 1269 1214 1336 fabricationem

157 1368 249 1435 habet
271 1368 337 1457 [sed
360 1371 393 1435 in
416 1369 585 1456 oratione]:

282 1496 396 1580 Africa
418 1494 553 1559 terribili
574 1495 677 1558 tremit
696 1492 829 1558 barrida
851 1503 937 1558 terra
960 1498 1115 1575 ceneten

153 1673 210 1738 pro
232 1653 327 1718 Afris
350 1663 395 1718 est
417 1663 538 1739 sumpta
560 1651 679 1717 Africa
703 1671 804 1736 neque
825 1650 939 1716 factum
960 1631 1095 1720 verbum
1115 1663 1163 1731 est,
1176 1663 1215 1719 ut:

153 1755 248 1820 Mare
277 1755 472 1842 saxifragis
503 1754 622 1832 undis,
645 1773 746 1839 neque
768 1754 963 1832 translatum,
995 1767 1047 1822 ut:
1072 1756 1216 1822 Mollitur

152 1876 267 1935 mare;
290 1857 343 1922 sed
365 1857 496 1922 ornandi
520 1877 607 1922 causa
629 1856 792 1941 proprium
814 1855 944 1942 proprio
965 1869 1189 1925 commutatum.

411 1988 533 2066 Desine,
557 1989 666 2065 Barna,
691 2000 758 2053 taos
779 1989 877 2053 bostes
879 2039 930 2054 .....

152 2097 194 2151 et:
417 2086 515 2151 Testes
537 2097 611 2150 stent
634 2084 748 2170 Campi
768 2087 878 2171 rnapni
878 2137 929 2150 .....

152 2224 260 2291 Gravis
282 2235 327 2292 est
348 2225 456 2291 modus
479 2225 511 2289 iu
534 2233 644 2290 ornatu
666 2224 812 2290 orationis
834 2234 864 2289 et
879 2243 971 2311 saepe
987 2228 1168 2307 sumendus
1187 2243 1216 2290 es

151 2474 262 2520 Erras.
283 2474 337 2519 Nou
356 2474 377 2518 si
397 2487 424 2518 sa
443 2471 468 2515 di
488 2471 562 2525 quale
582 2466 695 2521 tragedia
712 2468 809 2513 fecciun
827 2470 899 2522 parte
918 2469 1004 2523 questi
1023 2472 1099 2528 versi,
1117 2485 1162 2528 pur
1178 2467 1216 2514 essi

151 2549 247 2590 tetram.
262 2550 321 2590 troc.
335 2545 407 2589 catal.
421 2567 447 2575 -
464 2540 710 2597 praesidentem
724 2539 759 2594 (=
772 2538 850 2583 valde
869 2540 1054 2595 confidentem)
1066 2544 1133 2588 tibi
1144 2563 1169 2576 -
1180 2539 1217 2585 ohe
1254 2536 1257 2575 i

152 2614 193 2659 hui
208 2619 278 2660 touta
290 2615 381 2659 fiducia
395 2614 517 2658 uelletne
533 2611 636 2663 fornae
659 2608 759 2662 quincii:
778 2608 815 2653 sci
836 2607 888 2653 cosi
910 2608 1003 2655 ardico.
1025 2634 1052 2643 —
1073 2611 1185 2668 impert
1197 2625 1217 2644 =
1255 2604 1257 2663 ξ

151 2686 263 2739 imperit,
280 2685 292 2729 b
308 2698 363 2738 geu.
377 2684 402 2728 di
416 2685 483 2738 inae.

191 2781 295 2824 xm.
310 2803 336 2809 -
350 2780 420 2823 loa.
436 2780 511 2822 leae...
525 2789 638 2832 periere
649 2794 675 2811 =
685 2777 736 2821 hnc
749 2776 860 2831 ratione,
871 2776 1075 2823 obscuritate-
1088 2780 1123 2824 in
1135 2776 1217 2824 verbe

150 2867 176 2885 =
190 2849 215 2892 in
230 2862 278 2892 una
292 2848 379 2902 petrola
394 2849 454 2892 sola.
469 2871 495 2877 -
511 2847 676 2892 traductio
692 2845 705 2890 ὲ
721 2847 745 2891 lu
761 2844 916 2895 metonimiat
929 2846 1133 2904 immutatio,
1146 2844 1217 2901 l’ipel·

150 2920 214 2973 lege.
231 2942 258 2949 —
273 2918 531 2973 fabricationem
552 2917 654 2962 habet.
672 2917 721 2961 V’e
743 2915 782 2961 chi
802 2914 874 2961 crede
894 2915 940 2961 che
959 2922 1053 2971 queste
1074 2918 1217 2974 esprossioue

150 2991 197 3036 stia
211 3004 257 3045 per
271 2990 288 3034 il
302 2989 402 3044 passivo
417 2989 442 3032 di
458 2989 605 3044 fabricari;
619 2987 676 3032 altri
692 3001 801 3040 seguono
816 2987 833 3031 il
850 2986 985 3032 Forcellini
1005 2988 1052 3033 che
1072 2989 1105 3035 dt
1118 3003 1134 3035 a
1143 2987 1218 3046 sabri-

149 3063 248 3108 cattoit
264 3061 401 3116 significato
421 3061 446 3105 di
466 3061 586 3114 artificio.
604 3084 630 3091 -
649 3059 767 3114 Africa
788 3062 834 3103 eto.
853 3042 873 3101 b}
892 3058 954 3103 tolio
976 3058 1047 3113 dagli
1067 3060 1185 3106 Annales
1198 3056 1217 3102 di

151 3136 238 3188 Ennio,
252 3135 281 3180 ed
297 3133 309 3178 b
324 3148 356 3179 un
371 3138 500 3178 esematro.
514 3156 540 3163 -
556 3145 616 3187 pro
637 3132 747 3184 Arum,
765 3128 856 3184 porche
876 3142 921 3173 son
938 3128 973 3182 gli
992 3130 1107 3176 Africani
1121 3132 1165 3177 che
1178 3135 1219 3174 tre·

150 3219 222 3250 mano
241 3220 286 3259 per
305 3218 469 3259 guarennam
488 3202 596 3247 l’Asrica.
614 3225 640 3232 -
658 3200 786 3255 facturn
806 3217 832 3234 =
851 3198 957 3244 coniaco.
971 3223 999 3231 -
1017 3200 1218 3247 Monn1run=

149 3276 174 3320 Si
189 3278 275 3321 aalma.
298 3301 324 3307 —
347 3276 475 3328 Desine,
494 3274 600 3326 Rorna,
619 3284 668 3316 ecc.
687 3271 750 3315 Sauo
770 3270 778 3313 i
796 3269 937 3314 frammenti
958 3272 1038 3316 trote
1060 3273 1085 3316 di
1106 3272 1219 3326 Ennio‚e

149 3347 280 3391 farcbbaro
297 3351 368 3399 parte
386 3346 409 3390 di
425 3359 474 3390 uno
489 3359 500 3389 ‹
516 3347 600 3389 sutura
615 3354 626 3382 ›
642 3342 681 3386 del
700 3345 766 3385 terzo
780 3339 856 3395 libro,
870 3340 910 3384 nel
925 3341 1001 3394 quale
1018 3355 1064 3387 son
1085 3341 1198 3388 ricordeti
1212 3338 1218 3382 i

149 3417 257 3461 dolorosi
272 3417 323 3461 cusi
338 3416 404 3468 elegii
422 3415 502 3460 ultimi
524 3415 581 3459 unni
596 3414 620 3457 di
636 3412 749 3467 Scipione
766 3411 892 3456 Africano.
909 3410 965 3456 Alie
982 3413 1070 3466 parole
1087 3413 1180 3458 riferite
1193 3410 1219 3455 dc

149 3487 266 3531 Cicerone
284 3486 403 3539 seguivan
420 3489 509 3539 queste
532 3486 607 3529 altre:
629 3485 679 3528 lati
696 3482 791 3537 campi,
809 3495 873 3537 qnos
890 3483 957 3536 perit
970 3481 1070 3537 Africa
1090 3487 1163 3529 terra
1179 3495 1220 3538 pe·

148 3556 246 3602 lites...
264 3569 328 3599 nane
347 3556 395 3599 tibi
413 3556 580 3599 retenimento
596 3555 647 3598 rner'
664 3565 789 3609 peperere
808 3553 918 3597 labores.
938 3551 1012 3597 Come
1027 3553 1048 3597 si
1068 3553 1168 3599 desumo
1184 3551 1219 3596 dcl

148 3625 179 3668 de
190 3625 404 3678 fin.2‚32,106‚iu
420 3625 502 3678 questi
516 3625 581 3669 versi
596 3624 668 3678 parla
682 3624 706 3668 lo
724 3627 802 3667 stesso
817 3621 940 3676 Scipione,
956 3621 1001 3668 cho
1016 3635 1063 3668 oon
1077 3625 1164 3670 hostes
1178 3635 1220 3668 uon

147 3694 219 3738 vuole
235 3693 344 3738 indicere
359 3694 367 3737 i
383 3695 472 3738 nemici
489 3694 587 3748 oeterni,
601 3709 641 3738 mu
655 3694 663 3738 i
678 3694 768 3738 uemici
782 3692 871 3737 interni
886 3692 911 3736 di
925 3693 1013 3745 Rome,
1026 3693 1080 3739 etue
1094 3694 1102 3739 i
1117 3694 1171 3740 suoi
1185 3705 1221 3738 se-

147 3762 283 3810 cusatori.I
296 3761 389 3817 (iampe'
398 3763 490 3818 Maeni
501 3778 544 3809 son
556 3765 632 3818 quelli
641 3767 679 3808 ne'
687 3764 755 3818 quali
766 3763 880 3817 Scipione
890 3762 959 3808 vinse
974 3762 1056 3809 Sifuce
1066 3764 1137 3815 (Vodi
1148 3779 1176 3810 su
1185 3762 1220 3809 cib

147 3838 171 3884 O.
186 3834 274 3882 Pascal
289 3832 314 3877 iu
327 3833 515 3888 Quaestionum
524 3835 714 3880 Ennianarnnt
725 3835 864 3890 particula
875 3834 894 3878 I
904 3834 930 3879 in
940 3834 1047 3881 Riaicta
1056 3836 1085 3881 di
1094 3836 1219 3892 filaboaia,

134 3924 203 3958 entre
223 3905 307 3964 XXV,
322 3919 383 3963 pag.
399 3907 443 3960 stt.
463 3931 490 3938 -
515 3905 634 3954 Granis
656 3909 702 3950 est
725 3906 836 3949 moins
858 3906 892 3948 c'n
915 3909 1036 3951 ornata
1057 3905 1219 3961 erationis
