2526 4246
135 169 188 225 326
510 184 544 224 n.
563 183 668 225 runnu
687 181 850 225 cromerus

140 289 195 355 hoc
217 300 309 356 erunt
331 291 500 369 interiores,
524 290 606 377 quod
627 291 660 357 iu
682 300 803 357 oratore
824 290 961 377 perfecto
985 291 1064 356 inest
1087 289 1192 355 illomm

138 393 239 457 omnis
261 393 395 472 scientia,
419 395 451 459 in
473 393 730 480 philosophorum
752 405 854 459 auum
877 393 1053 480 cognitione
1069 412 1126 459 non
1139 410 1195 457 con-

140 495 225 561 tinuo
248 496 327 562 inest
349 496 539 582 eloquentia;
563 516 655 582 quae,
678 496 819 582 quamvis
850 504 1069 562 contemnatur
1097 495 1132 560 ab
1157 493 1196 568 iis,

139 618 260 663 necesse
282 608 452 665 esttamen
475 598 609 684 aliquem
631 600 789 665 cumulum
812 597 940 664 illorum
963 598 1080 664 artibus
1094 596 1197 663 adferre

138 699 287 767 videatur.
312 700 389 767 llaec
410 721 480 767 cum
502 699 626 767 Crassus
652 700 787 778 dixisset,
808 720 983 786 parumper
1008 712 1039 767 et
1063 701 1125 786 ipse
1142 717 1198 764 oon-

138 802 223 868 ticuit
244 814 274 869 et
297 826 313 868 a
335 804 442 869 ceteris
464 803 621 870 silentium
643 803 710 869 tuit.
1243 858 1245 867 .

63 924 111 979 tlt
182 906 352 974 xxxvl.
379 907 457 974 Tum
473 905 569 972 Cotta:
587 906 744 992 Equidem,
758 906 869 991 inquit,
882 905 1003 986 Crasse,
1016 926 1077 972 non
1091 922 1199 992 possum

138 1008 236 1092 queri,
266 1008 347 1095 quod
374 1008 451 1074 milti
480 1009 605 1074 videare
630 1008 714 1075 aliud
740 1007 890 1093 quiddam
917 1018 949 1074 et
976 1029 1039 1075 non
1066 1008 1105 1086 id,
1131 1004 1199 1093 quod

138 1111 316 1195 susceperis,
333 1110 519 1196 disputasse;
538 1112 608 1197 plus
622 1110 708 1176 enim
723 1111 880 1196 aliquanto
896 1110 1036 1189 attulisti,
1053 1130 1141 1196 quam
1154 1107 1199 1173 tibi

138 1222 204 1277 erat
219 1213 399 1278 attributum
416 1234 432 1278 a
446 1214 533 1279 nobis
545 1213 821 1292 acdenuntiatum3
834 1212 888 1279 sed
900 1223 1029 1280 certent
1042 1214 1098 1279 bae
1111 1221 1202 1299 partes

138 1316 263 1382 luemnt
285 1326 364 1393 tuae,
388 1316 426 1382 de
449 1315 630 1382 illustranda
649 1316 787 1383 oratione
808 1326 844 1382 ut
864 1315 993 1394 diceres,
1016 1327 1048 1382 et
1068 1336 1133 1385 eras
1147 1315 1202 1399 ipse
1240 1360 1245 1369 .

139 1418 200 1483 iam
215 1418 369 1505 ingressus
380 1428 471 1504 atque
482 1419 514 1483 in
528 1428 672 1504 quattuor
682 1427 784 1504 partes
795 1437 922 1484 omnem
934 1418 1082 1484 orationis
1092 1416 1202 1483 laudem

139 1521 344 1607 discripseras,
367 1541 436 1587 cum
459 1521 497 1586 de
519 1520 637 1587 duabus
659 1520 769 1606 primis
792 1520 1031 1606 nobis'quidem
1047 1521 1127 1598 satis,
1149 1517 1202 1594 sed,

140 1635 173 1689 ut
197 1625 260 1710 ipse
293 1623 422 1701 dicebas,
449 1623 589 1689 celeriter
616 1623 785 1711 exigueque
812 1622 952 1701 dixisses,
980 1623 1056 1690 duas
1083 1622 1136 1688 tibi
1164 1641 1203 1686 re-

140 1726 239 1811 liquas
262 1727 383 1804 ieceras,
400 1725 545 1812 quemad
560 1725 839 1812 modumprimum
854 1736 972 1805 ornate,
989 1726 1101 1792 deinde
1123 1725 1204 1791 etiam

65 1843 115 1898 1115
140 1839 210 1913 apte
232 1830 410 1894 diceremus.
456 1828 521 1912 Quo
543 1848 612 1894 oum
633 1828 787 1915 ingressus
809 1848 903 1906 esses,
927 1840 1057 1915 repente
1078 1839 1107 1894 te
1129 1825 1204 1914 quasi

140 1933 265 2017 quidam
288 1944 387 1999 aestus
410 1933 524 2021 ingenii
547 1933 589 1998 tui
613 1935 720 2019 procul
736 1955 753 1999 a
769 1943 850 2002 terra
868 1933 1006 2020 abripuit
1020 1944 1111 2020 atque
1126 1933 1157 1999 in
1171 1933 1205 1998 al-

142 2048 206 2102 tum
219 2059 234 2101 a
247 2049 408 2122 conspectu
421 2057 519 2123 paene
533 2037 672 2102 omnium
688 2032 845 2103 abstraxit
861 2036 996 2104 Omnem
1011 2039 1096 2104 enim
1112 2055 1204 2104 rerum

141 2140 297 2205 scientiam
319 2142 494 2226 complexus
517 2160 579 2205 non
601 2150 635 2206 tu
656 2139 782 2226 quidem
804 2160 872 2206 eam
894 2140 985 2206 nobis
1007 2141 1156 2207 tradidisti
1173 2175 1204 2186 -

142 2264 241 2329 neque
263 2244 345 2309 enim
369 2243 426 2310 suit
449 2253 511 2308 lam
533 2243 632 2329 exigui
657 2243 804 2329 temporis
820 2267 879 2323 -;
903 2242 958 2309 sed
973 2243 1055 2329 apud
1072 2244 1127 2310 hos
1142 2239 1204 2329 quitl

142 2346 305 2431 proieceris
328 2346 437 2424 nescio,
454 2366 504 2411 me
520 2346 644 2431 quidem
659 2344 691 2410 in
707 2344 898 2411 Academiam
915 2355 1013 2412 totum
1031 2343 1203 2432 compulisti.

147 2524 450 2535 ———-—

143 2640 211 2686 bnel
225 2654 297 2686 senso
312 2640 350 2686 di:
371 2641 488 2695 concedo,
501 2640 586 2685 loscio.
600 2663 626 2672 -
642 2644 738 2686 eruut
751 2640 804 2696 ius
808 2640 942 2687 eriorce.
967 2641 988 2686 Il
1010 2654 1080 2696 segg.
1101 2641 1115 2687 i·
1132 2638 1205 2697 pbilo-

142 2712 259 2766 sopht-
269 2713 431 2762 contiuuo,
453 2711 686 2757 immediatamonte.
699 2735 725 2743 -
740 2712 909 2767 cumulum,
924 2711 1019 2781 giunta,
1033 2726 1047 2758 e
1062 2712 1147 2768 quindi
1160 2709 1206 2764 qui:

142 2781 229 2835 pregio
245 2782 380 2835 maggioro.
395 2806 421 2813 —
437 2783 573 2829 illorum
589 2784 639 2838 dip.
654 2783 685 2828 dc
704 2784 816 2839 artibus,
831 2784 876 2829 che
891 2784 1016 2830 tredurrei
1031 2798 1092 2831 oon:
1105 2783 1206 2830 dottrim·

184 2897 258 2950 dap.
272 2897 426 2942 xxxvl.
442 2921 468 2927 -
488 2899 559 2944 144.
573 2900 673 2954 plue...
692 2899 831 2954 aliquanto
844 2919 871 2934 -
890 2899 1030 2955 aliquanto
1045 2900 1119 2956 plus.
1132 2922 1157 2931 -
1169 2897 1204 2942 dr·

141 2969 345 3023 eructuatum,
366 2969 512 3024 presoritto,
536 2970 657 3015 intimato.
679 2995 704 3002 -
726 2972 910 3026 ltuepurtes
927 2972 1068 3027 suerunt
1096 2976 1168 3017 tuae
1183 2984 1204 3003 τ-

143 3042 266 3094 quest'ero
281 3040 297 3084 il
313 3044 355 3085 tuo
370 3043 479 3085 assunto.
488 3063 514 3072 -
530 3041 563 3085 iu
568 3053 712 3096 prossus,
731 3045 788 3087 sott.
802 3042 991 3088 addicendum
1005 3039 1206 3088 detttuotronoo

143 3114 261 3158 oratioue
279 3131 306 3149 =
325 3112 392 3166 degli
412 3113 549 3158 ornamenti
568 3112 625 3157 dolr
635 3113 758 3158 oracione.
772 3137 797 3146 -
812 3114 845 3159 iu
868 3116 1025 3168 quattuor
1042 3111 1207 3169 porrecti·

143 3184 206 3238 fotu,
215 3185 276 3235 nole
291 3188 410 3238 litavere
425 3183 504 3230 detto:
517 3184 651 3240 Quintam...
665 3185 768 3228 dicendi
782 3188 820 3229 cst
833 3185 926 3230 modus
945 3185 1076 3232 melior...
1094 3197 1171 3240 quom
1182 3182 1206 3225 ut

142 3254 239 3300 Latine
260 3259 294 3306 (la
314 3261 402 3310 purte),
422 3259 452 3300 ut
470 3256 554 3310 plaue
573 3257 623 3308 (2²),
643 3258 673 3298 ut
692 3259 784 3299 oruata
797 3256 851 3309 (Βῆ),
871 3258 901 3300 ut
924 3255 961 3300 ud
983 3255 1018 3309 id,
1040 3257 1207 3310 quodcumque

143 3330 243 3380 coitur,
266 3331 327 3382 apto
351 3329 395 3377 (te)
414 3330 634 3382 conqrueutcrque
656 3326 797 3370 dicamus?
815 3348 841 3356 -
856 3324 1013 3371 laudumo
1028 3324 1068 3371 eib
1083 3326 1128 3371 ohe
1142 3321 1207 3370 rende

143 3396 265 3451 lorlovole,
277 3398 399 3451 pregioto.

214 3497 284 3541 145.
310 3501 421 3541 aeetus
443 3498 504 3552 iup.
526 3517 551 3533 =
572 3499 597 3542 la
620 3498 785 3543 commotione
805 3496 955 3542 dell'animo.
978 3497 1076 3543 Aestus
1096 3498 1138 3553 qui
1156 3496 1168 3541 b
1185 3494 1205 3538 in

143 3579 214 3610 senso
229 3568 345 3621 truslot03
363 3566 388 3610 in
408 3579 479 3612 senso
498 3568 600 3621 proprio
617 3568 686 3613 vole:
705 3568 792 3613 coloro
806 3581 819 3612 e
829 3568 915 3624 liuseo
929 3581 943 3612 c
956 3568 1064 3624 rtflucso
1079 3569 1121 3613 del
1134 3578 1208 3613 more.

142 3635 297 3681 Nondimeno
316 3637 339 3681 lo
357 3637 444 3690 parole
463 3640 589 3692 seguenti:
607 3641 703 3694 procul
717 3652 734 3684 a
749 3644 822 3684 terra
841 3652 853 3684 e
870 3640 900 3684 iu
913 3639 1001 3685 altum
1021 3638 1209 3695 eorrispondouo

143 3706 182 3751 eol
197 3718 269 3750 senso
283 3708 392 3760 proprie.
406 3730 432 3738 —
447 3710 630 3765 complexus
652 3710 684 3755 ha
698 3711 783 3755 valore
798 3709 822 3755 di
837 3723 936 3765 propos.
950 3711 1102 3756 concessive.
1116 3733 1141 3742 -
1153 3719 1209 3754 nou

144 3781 177 3822 tu
192 3776 321 3831 quidem
336 3790 403 3821 cam
416 3780 507 3825 uobis
523 3782 704 3836 tradidisti,
715 3794 763 3826 non
774 3780 978 3836 esponendooene
988 3781 996 3826 i
1006 3781 1097 3837 singoli
1106 3777 1210 3837 precetti.

137 3849 248 3906 -fuit
267 3851 334 3894 tum
360 3849 469 3905 autaut
488 3853 687 3909 iuniperis:
703 3852 868 3906 ereimpreea
888 3852 921 3897 de
941 3852 1067 3907 complere
1088 3853 1113 3898 in
1134 3855 1209 3903 tempo

126 3923 180 3970 coel
196 3923 322 3970 ristretto.
338 3947 366 3955 —-
381 3923 454 3981 boe,
476 3924 511 3980 gli
528 3924 594 3972 altri.
608 3948 634 3955 -
650 3922 908 3979 compulisti,mi
919 3921 969 3965 imi
986 3924 1095 3976 seuuemo
1108 3938 1124 3968 u
1135 3917 1210 3968 udirti.
