2526 4246
141 132 193 185 100
518 144 551 184 m.
571 144 676 183 runnu
695 142 859 184 memnonis

137 262 180 327 tu,
204 249 313 334 inquit,
338 248 411 334 quid
435 249 487 313 tibi
511 248 543 312 in
567 257 703 313 mentem
726 246 811 312 venit
835 246 875 310 ita
906 244 1113 330 respondere?
1135 242 1206 309 Tun

138 352 190 416 ille
214 350 345 417 tidenter
368 352 458 416 bomo
480 350 684 436 peritissimus
699 348 882 414 confirmare
901 348 942 412 ita
961 367 993 412 se
1008 367 1073 412 rem
1090 345 1207 422 babere,

138 466 171 520 ut
194 454 407 539 respondisset,
431 473 485 518 nec
508 453 635 517 dubium
659 472 723 517 esse
752 471 849 537 posse.
874 450 968 516 Galba
999 460 1101 515 autem
1130 449 1209 514 adlu-

138 556 214 622 dens
237 557 321 621 varie
342 568 372 621 et
394 557 512 640 copiose
534 556 646 619 multas
672 553 888 620 similitudines
915 552 1037 618 adferre
1058 554 1210 637 multaque

138 680 194 745 pro
217 661 368 745 aequitate
389 670 493 724 contra
518 659 562 722 ius
584 658 700 735 dicere;
725 668 815 742 atque
838 657 935 729 illum,
951 676 1020 722 cum
1037 654 1210 721 disserendo

139 784 196 848 par
217 783 282 828 esse
305 782 366 826 non
389 771 489 849 posset
514 801 550 806 -
577 781 762 846 quamquam
790 760 847 826 luit
876 758 999 825 Crassus
1028 760 1059 822 in
1087 778 1211 823 numero

141 865 334 941 disertorum,
359 865 410 929 sed
433 886 490 950 par
512 863 624 929 Galbae
647 866 732 929 nullo
754 863 845 928 modo
867 901 918 940 -,
942 862 980 926 ad
996 872 1131 928 auctores
1146 881 1212 926 con-

142 969 250 1054 iugisse
273 978 302 1032 et
326 967 365 1045 id,
383 967 463 1052 quod
480 969 544 1052 ipse
559 968 680 1044 diceret,
701 978 730 1031 et
745 968 777 1030 in
793 966 824 1030 P.
841 966 927 1031 lllucii
948 966 1051 1030 lratris
1066 965 1109 1030 sui
1126 965 1212 1029 libris

140 1083 170 1136 et
192 1071 223 1135 in
248 1071 316 1135 Sex.
341 1070 415 1134 tetii
438 1071 665 1134 commentariis
692 1071 837 1155 scriptum
860 1069 1023 1154 protulisse
1050 1088 1083 1133 ac
1111 1078 1211 1132 tamen

140 1172 319 1237 concessisse
349 1171 462 1237 Galbae
489 1172 726 1256 disputationem
754 1172 808 1236 sibi
841 1170 1032 1257 probabilem
1061 1182 1090 1235 et
1118 1190 1213 1256 prope

142 1295 245 1340 veram
270 1274 377 1339 videri.

64 1394 112 1445 att
184 1379 292 1443 LVll.
317 1378 355 1441 alc
372 1387 482 1453 tamen,
500 1397 577 1462 quae
592 1397 698 1442 causae
721 1388 790 1442 sunt
813 1376 986 1451 eiusmodi,
1007 1386 1041 1443 ut
1055 1377 1094 1441 de
1108 1396 1214 1442 earum

143 1480 209 1545 iure
231 1480 359 1545 dubium
375 1500 438 1544 esse
455 1500 515 1544 non
531 1481 633 1565 possit,
658 1480 783 1544 omnino
807 1480 838 1543 in
862 1479 1006 1544 iudicium
1030 1479 1129 1544 vocari
1155 1499 1214 1543 riou

142 1585 248 1648 solent.
293 1581 371 1647 Num
403 1582 472 1666 quis
500 1604 535 1648 eo
564 1594 751 1658 testamento,
783 1581 862 1666 quod
885 1594 972 1665 pater
997 1582 1125 1645 l'amilias
1149 1593 1217 1646 ante

143 1685 219 1762 lecit,
243 1705 335 1770 quam
358 1687 385 1749 ei
411 1684 492 1749 tilius
515 1696 603 1750 natus
625 1695 712 1761 esset,
741 1684 940 1749 hereditatem
970 1684 1063 1768 petit?
1108 1683 1216 1756 Nemo;

142 1788 211 1871 quia
242 1796 357 1851 constat
387 1787 575 1870 agnascendo
606 1788 707 1872 rumpi
739 1796 961 1852 testamentum.
992 1786 1066 1871 Ergo
1097 1787 1128 1850 in
1164 1787 1218 1852 lior

142 1910 252 1975 genere
276 1889 350 1953 iuris
381 1888 490 1953 iudicia
520 1892 603 1954 nulla
634 1901 712 1954 sunt.
737 1890 817 1954 Licet
841 1889 932 1975 igitur
955 1890 1082 1975 impune
1105 1890 1217 1954 oratori

143 2011 265 2055 omnem
288 1990 366 2054 banc
388 1999 507 2074 partem
539 1991 613 2057 iuris
643 1992 708 2057 sine
730 1991 943 2057 controversiis
966 1991 1116 2078 ignorare,
1142 2013 1220 2077 quae

66 2108 117 2160 ata
143 2113 214 2178 pars
237 2094 301 2157 sine
323 2092 416 2157 dubio
438 2096 534 2158 multo
558 2096 689 2159 maxima
713 2106 770 2159 est:
816 2096 847 2159 in
866 2115 901 2160 eo
917 2106 1019 2160 autem
1043 2095 1119 2170 iure,
1138 2094 1218 2180 quod

144 2196 308 2282 ambigitur·
320 2195 398 2260 inter
412 2195 621 2279 peritissimos,
639 2217 699 2260 non
716 2208 760 2262 est
775 2197 898 2262 difficile
910 2198 1020 2262 oratori
1035 2197 1100 2262 eius
1111 2197 1218 2282 partis,

145 2319 367 2384 quamcumque
386 2298 535 2374 defendet,
552 2309 705 2364 auctorem
721 2301 855 2385 aliquem
871 2301 1024 2378 invenire;
1041 2321 1057 2364 a
1075 2321 1135 2385 quo
1152 2321 1220 2366 cum

144 2413 311 2467 amentatas
328 2402 427 2465 bastas
442 2405 598 2486 acceperit,
615 2402 622 2465 i
627 2421 680 2486 pse
695 2424 745 2467 eas
760 2404 888 2468 oratoris
904 2404 1023 2468 lacertis
1042 2403 1221 2488 viribusque

144 2505 306 2588 torquebit.
352 2503 412 2567 Nisi
437 2524 510 2568 vero
532 2542 574 2550 —
599 2504 674 2567 bona
699 2507 787 2570 venia
812 2507 902 2571 lmius
924 2505 1030 2590 optimi
1056 2505 1113 2569 viri
1139 2505 1220 2570 dixe-

147 2607 206 2670 rim
222 2646 261 2652 —
279 2608 439 2670 Scaevolae
463 2617 494 2670 tu
519 2607 629 2670 libellis
651 2619 701 2671 aul
725 2609 893 2694 praeceptis
917 2609 1008 2673 soceri
1035 2608 1075 2673 tui
1099 2628 1218 2673 causam

213 2838 285 2880 ⁶240.
300 2835 454 2890 fidenter,
474 2835 651 2888 arilitamente3
666 2850 679 2879 e
695 2838 848 2883 l'ordimento
863 2839 897 2891 gli
912 2839 1001 2882 venire
1019 2838 1160 2883 doll’essere
1175 2852 1220 2893 pe·

145 2909 300 2959 citissimus,
314 2905 380 2950 cine:
402 2906 500 2951 volente
523 2907 714 2959 giureconsulto.
736 2933 761 2940 -
782 2910 1024 2953 similitudines
1038 2930 1065 2942 ==
1084 2909 1175 2963 esempi
1197 2909 1220 2953 di

145 2978 201 3022 fatti
222 2977 379 3031 somiglinnti.
393 3001 418 3007 -
437 2990 497 3031 pro
519 2980 686 3034 <reperitote
709 2984 821 3024 corttru
844 2982 893 3025 ius
908 3001 934 3013 =
949 2993 993 3034 por
1013 2981 1037 3024 ln
1056 2981 1219 3025 conveniebat

147 3065 160 3094 e
175 3050 289 3103 giustizia
311 3048 422 3092 assoluto
444 3053 529 3094 oontro
552 3056 643 3103 quanto
664 3049 679 3092 il
700 3050 767 3102 rigor
783 3050 848 3094 della
868 3051 939 3103 legge
954 3050 1134 3103 p1·esorive.--
1155 3050 1220 3094 Sex.

146 3122 225 3175 Aelii,
240 3120 322 3174 quello
338 3119 378 3162 del
392 3122 404 3169 ξ
420 3121 464 3163 198.

188 3211 258 3261 (rap.
272 3207 372 3251 nvn.
389 3230 414 3237 -
429 3207 495 3250 241.
512 3210 659 3254 uocari-ss=
672 3208 786 3261 portorsi.
799 3209 1038 3262 -apoaseendo
1057 3210 1165 3264 rutupi
1184 3212 1220 3252 te·

146 3283 344 3325 stramentum
357 3298 384 3310 ·-=
399 3277 415 3321 il
431 3282 578 3325 testamento
595 3280 706 3323 (liventer
721 3279 788 3323 nullo
803 3280 911 3333 (rescript)
930 3293 976 3323 con
997 3280 1018 3323 lu
1039 3280 1136 3324 nascita
1150 3280 1173 3324 di
1189 3293 1218 3323 un

146 3352 213 3403 figlio
228 3349 410 3403 (irpriusrcndo)
424 3348 447 3390 ul
464 3352 591 3403 testatore,
606 3350 672 3403 dopo
687 3348 731 3392 ohe
751 3350 831 3402 questi
854 3364 932 3394 ovevn
952 3350 1013 3393 tutto
1036 3350 1053 3394 il
1075 3354 1220 3395 testamento

146 3425 342 3471 (testamentaria
358 3420 426 3472 quod
433 3422 514 3472 poter
522 3422 646 3475 srrrrailias
657 3423 718 3464 ante
726 3421 795 3474 serit,
806 3434 886 3474 quarn
896 3422 919 3465 ei
929 3421 1006 3476 filius
1016 3425 1097 3465 raatrts
1107 3426 1187 3471 essct).
1196 3444 1218 3450 -·

149 3492 271 3535 iudicio
294 3489 390 3534 rcrtllu
411 3493 487 3533 eiciet
508 3512 535 3524 ==
557 3505 604 3534 non
623 3492 646 3534 vi
668 3490 680 3531 i*
695 3491 769 3543 luogo
791 3507 805 3535 n
827 3491 942 3543 giudizio.
963 3515 989 3522 -—
1008 3493 1078 3536 sine
1099 3496 1219 3537 contro·

148 3564 265 3606 dermite
280 3581 306 3593 ι-
321 3573 367 3602 non
385 3564 498 3611 soguottu
514 3577 528 3606 u
544 3561 717 3606 controversie.

216 3650 287 3692 242.
303 3650 484 3690 orrceututos
506 3651 637 3702 lrastos,
654 3649 704 3693 eosl
721 3650 787 3693 dotto
803 3650 832 3693 dn
849 3652 992 3702 articulant,
1007 3650 1085 3695 laceto
1101 3656 1220 3697 ottocento

148 3719 186 3762 nel
204 3733 284 3762 mezzo
300 3717 420 3770 deltano,
436 3718 474 3760 nul
490 3721 564 3772 qualo
580 3721 708 3765 metterosi
720 3720 743 3762 ln
754 3733 833 3771 mano,
848 3734 892 3774 por
907 3721 1027 3765 lurroiurlu
1041 3721 1085 3775 piir
1096 3722 1166 3766 sorte.
1176 3720 1218 3774 Qui

149 3789 171 3831 le
183 3796 235 3831 uste
247 3791 389 3830 crrinentute
404 3798 415 3827 ›
432 3801 490 3831 sorio
506 3790 539 3840 gli
555 3791 691 3843 urgmnerlli
707 3790 774 3834 tratti
791 3791 830 3834 dal
842 3792 883 3835 ius
894 3792 967 3836 ciuile
977 3806 990 3836 o
1001 3792 1114 3836 ritroroti
1125 3793 1156 3836 da
1166 3790 1218 3836 ultri

144 3872 158 3897 a·
168 3857 258 3900 alterni
273 3870 317 3901 eon
330 3858 352 3901 le
362 3863 445 3901 nostro
455 3862 549 3911 parole.
564 3885 589 3892 -
601 3863 610 3905 I
616 3862 745 3906 ucertis.
759 3860 888 3908 Luccrtus
904 3862 916 3906 b
931 3863 946 3906 il
964 3863 1062 3907 braccio
1077 3863 1220 3909 muscoloso.
