2558 4236
302 166 328 195 ι·
360 158 501 200 narona
518 159 581 201 ue.
600 159 649 213 111,
669 157 948 208 car.1x-x,aan·3a
1112 144 1163 198 277

317 187 368 249 ῃ

61 265 221 343 dicendi,
236 285 284 351 sp·
367 246 504 350 ispares‚
519 282 632 349 genere
654 261 831 339 laudabiles,
847 282 908 328 non
923 283 1011 349 posse
1025 283 1070 339 ea,
1085 284 1163 348 quae

70 371 166 436 inter
190 388 225 435 se
247 366 294 433 dis
328 375 430 452 epant,
452 364 562 431 iisdem
583 365 752 451 praeceptis
774 374 864 451 atque
890 385 951 430 una
973 365 1163 431 institutione

73 470 226 545 lormari.
271 468 359 553 Quod
374 487 436 533 non
451 477 497 533 est
518 467 576 546 ita;
596 466 887 552 diligentissimeque
910 467 966 532 hoc
981 477 1026 532 est
1047 467 1093 544 iis,
1110 468 1162 552 qui
1189 489 1223 542 35

77 573 254 640 instituunt
266 572 384 668 qJJ'quos
395 581 486 655 atque
500 569 655 646 erudiunt,
671 568 850 645 videndum,
866 590 926 654 quo
941 591 995 635 sua
1010 590 1163 655 quemque

80 646 368 803 naturpibbdaxime
394 672 476 739 lerre
504 671 654 738 videatur.
678 670 797 736 Etenim
823 671 963 737 videmus
989 692 1026 737 ex
1055 671 1162 737 eodem

80 777 175 866 quasi
211 777 284 843 ludo
318 795 509 842 summorum
539 775 571 839 in
605 794 660 839 suo
692 774 839 859 cuiusque
866 794 979 860 genere
1011 774 1162 840 artificum

80 892 115 950 et
138 880 360 966 magistrorum
388 877 485 944 exisse
515 875 679 962 discipulos
707 876 869 943 dissimiles
899 877 981 942 inter
1006 898 1038 943 se
1067 898 1101 942 ac
1123 888 1163 942 ta-

84 1004 161 1050 men
174 981 354 1058 laudandos,
377 1000 447 1046 oum
470 979 507 1045 ad
530 979 676 1064 cuiusque
698 988 840 1045 naturam
863 979 1012 1046 institutio
1034 979 1163 1047 doctoris

88 1084 383 1153 accommodaretur.
403 1081 495 1148 Cuius
517 1091 563 1148 est
593 1082 642 1147 vel
666 1081 800 1147 maxime
823 1081 942 1168 insigne
964 1083 1041 1149 illud
1063 1104 1163 1149 exem·
1187 1097 1222 1151 36

85 1187 193 1272 plum,
222 1193 257 1248 ut
286 1191 401 1248 ceteras
429 1189 510 1246 artes
527 1179 729 1346 fflmusr
760 1180 841 1265 quod
870 1180 988 1246 dicebat
1021 1181 1163 1248 Isocrates

84 1288 196 1354 doctor
221 1284 394 1371 singularis,
417 1303 450 1348 se
477 1284 556 1348 calca
576 1274 643 1365 rbus
666 1281 698 1346 in
722 1281 852 1367 Ephoro,
875 1293 978 1348 contra
1005 1295 1107 1349 autem
1130 1286 1162 1349 in

83 1390 289 1474 Theopompo
312 1385 407 1452 irenis
428 1384 473 1451 uti
489 1366 597 1450 solere.
613 1384 750 1450 Alterum
773 1384 857 1450 enim
879 1388 1082 1452 exsultantem
1098 1408 1164 1452 rer-

87 1494 202 1573 borum
297 1489 342 1554 oia
356 1488 554 1575 reprimebat,
570 1489 702 1553 alterum
717 1497 908 1553 cunctantem
931 1498 961 1554 et
979 1489 1063 1574 quasi
1080 1511 1164 1555 vere-

83 1576 188 1689 cundi
279 1564 452 1657 ‘bellabat
475 1590 578 1676 Neque
604 1610 655 1655 eos
682 1589 797 1655 similes
823 1590 921 1656 elleoit
943 1591 1087 1669 inter'se,
1110 1593 1162 1658 sed

82 1707 210 1764 tantum
233 1693 322 1760 alteri
337 1693 476 1772 adfinxit,
492 1693 530 1759 de
545 1693 641 1758 altero
664 1693 792 1770 limavit,
806 1703 840 1758 ut
863 1692 894 1758 id
911 1693 1114 1760 conformaret
1130 1696 1162 1760 in
1237 1760 1244 1771 ,,

88 1811 235 1884 utroque,
258 1796 339 1883 quod
360 1795 653 1901 utriusquprnaturp
674 1805 840 1881 pateretur.

132 1903 179 1969 Χ.
202 1900 280 1967 llaec
302 1919 338 1965 eo
360 1898 438 1963 milri
460 1867 663 1984 prdidic'dffda
693 1898 827 1975 luerunt,
850 1909 893 1975 ut,
916 1899 942 1964 si
964 1920 1027 1965 non
1049 1903 1162 1979 omnia,
1190 1911 1222 1963 37

85 2008 172 2091 quae
186 2011 436 2090 proponerentur
449 2023 467 2066 a
482 2020 542 2078 me,
558 2000 596 2064 ad
611 1999 750 2066 omnium
773 2011 908 2067 vestrum
931 2002 1065 2069 studium
1080 2015 1111 2070 et
1125 2005 1163 2069 ad

83 2127 188 2196 genus
204 2105 244 2183 id,
268 2103 349 2190 quod
372 2105 501 2191 quisque
523 2113 659 2169 vestrum
683 2103 714 2167 in
737 2103 864 2169 diceudo
887 2105 1039 2190 probaret,
1055 2104 1219 2173 adriae··'··

86 2220 256 2287 noscerent,
280 2208 311 2273 id
333 2213 354 2274 a'
372 2227 422 2273 me
451 2227 547 2295 genus
576 2207 707 2292 exprimi
737 2208 899 2286 sentiretis,
923 2208 1004 2293 quod
1030 2211 1174 2276 maxime
1263 2204 1267 2211 ’

85 2313 172 2380 mibi
195 2312 253 2398 ipsi
276 2311 467 2398 probaretur.
1180 2314 1186 2327 “

160 2557 210 2601 85.
225 2556 397 2600 videndum
417 2567 512 2610 qno...
535 2553 623 2608 ferre
644 2553 802 2598 videatur.
822 2554 843 2597 ll
857 2558 968 2607 precetto
988 2559 1120 2600 contenuto
1139 2557 1164 2600 ln

83 2632 180 2684 queste
199 2626 293 2681 parole,
309 2625 393 2681 quello
411 2623 464 2670 oieb
484 2623 510 2668 di
526 2623 621 2668 studiar
639 2623 701 2667 bene
720 2623 743 2667 le
758 2624 885 2679 tendente,
901 2625 924 2669 le
942 2625 1100 2672 inolinnzioni
1114 2627 1164 2672 del·

85 2696 300 2752 l'eduoendo‚per
313 2696 427 2742 adultere
437 2695 469 2739 ad
484 2694 533 2740 essi
548 2694 640 2738 imozzi
656 2693 788 2748 educativi,
802 2695 814 2739 ὲ
829 2694 981 2747 giustissimo
997 2709 1009 2741 e
1024 2694 1110 2743 tenuto
1119 2713 1165 2752 per

85 2770 142 2814 tale
153 2767 221 2813 dalla
230 2766 349 2812 moderna
362 2765 504 2820 pedagogia
518 2764 660 2810 scientifice.
674 2788 700 2795 —
715 2766 797 2820 laedo,
815 2766 899 2811 scuolu
914 2766 938 2810 di
953 2767 1092 2820 gladiatori.
1107 2770 1125 2814 E
1140 2770 1166 2815 lo

86 2839 178 2886 souola
189 2837 202 2884 b
213 2853 228 2883 a
237 2838 303 2883 buon
313 2836 388 2882 dritto
402 2835 573 2889 ossomiglieta
583 2849 598 2879 a
607 2835 681 2888 luogo
692 2835 716 2879 di
727 2837 795 2881 lotta.
810 2838 837 2881 In
847 2837 891 2890 piu
901 2838 956 2882 d'un
966 2839 1040 2893 luogo
1051 2840 1165 2886 abbiamo

88 2912 233 2956 incontrato
249 2912 339 2962 questa
352 2908 440 2963 porola
454 2907 479 2952 in
493 2907 529 2951 tal
544 2919 623 2951 sense.
633 2930 659 2936 -
674 2907 816 2952 doctoris
830 2907 872 2962 (do
887 2909 970 2962 doceo)
986 2909 998 2954 ὸ
1013 2910 1052 2955 chi
1063 2911 1166 2964 insegno

87 2996 139 3037 per
154 2980 268 3034 educare,
282 2978 383 3034 quincii:
396 2981 512 3023 maestro.

161 3083 211 3126 86.
229 3079 327 3126 Omine
341 3098 368 3116 =
384 3078 464 3125 Omine
478 3080 524 3133 rei,
538 3078 591 3124 ciob
606 3078 630 3123 di
645 3083 737 3132 quanto
752 3078 784 3122 ha
798 3079 925 3125 affermato
940 3081 980 3125 nel
993 3082 1096 3135 periodo
1111 3097 1168 3137 pro-

87 3153 205 3198 cedente.
218 3175 245 3183 -
266 3151 377 3196 doctor
396 3150 581 3205 etnpntarta
596 3168 621 3185 =
631 3152 738 3194 maestro
749 3149 984 3204 incomparabile—
998 3151 1164 3207 Ephoro...

94 3223 305 3277 Theopompo,
318 3220 350 3276 II,
363 3222 397 3265 57.
411 3243 438 3252 —-
452 3220 676 3264 occultantem.
691 3218 842 3274 Enanltare,
857 3219 924 3265 detto
939 3219 977 3264 do'
987 3222 1084 3276 cavalli,
1097 3224 1167 3269 vole:

88 3294 186 3339 sultare
199 3291 256 3337 fuor
270 3290 307 3337 de‘
316 3290 389 3336 limiti
404 3290 483 3336 eluor
496 3290 521 3335 di
536 3290 640 3344 misurn3
656 3289 723 3343 degli
732 3290 824 3334 oratori
834 3288 884 3344 pub
899 3291 991 3336 valere:
1008 3292 1168 3340 ebizzarrirsi.

89 3388 118 3396 —
132 3362 404 3409 verecundantem
417 3380 444 3399 =
457 3361 611 3416 riguardoso·
626 3385 652 3392 -
666 3361 697 3405 N
699 3374 774 3415 eqare
789 3380 815 3396 =
829 3362 921 3416 Neque
934 3366 1030 3408 tamen.
1041 3387 1067 3395 -
1077 3365 1167 3409 linca-

89 3436 152 3489 rit,
173 3438 312 3488 pregnante
326 3447 373 3489 per
387 3433 507 3478 limando
522 3433 602 3477 denrit
617 3432 713 3483 (Sorof).

134 3540 206 3594 (lap.
220 3541 260 3584 X.
274 3563 302 3571 -
316 3540 366 3585 87.
383 3539 604 3594 praedicenda
618 3537 650 3582 lre
665 3537 681 3581 il
695 3538 835 3590 significato
849 3539 964 3592 proprio:
978 3539 1031 3585 dire
1046 3541 1169 3596 anticipa·

88 3609 275 3664 tamente‚dira
291 3610 345 3655 anai
359 3613 431 3656 tutto.
450 3634 476 3642 -
496 3611 525 3655 oi
545 3622 607 3654 non
628 3611 773 3656 omnio...
795 3611 865 3656 id...
890 3624 1026 3665 penno...
1051 3613 1097 3657 llel
1119 3617 1169 3657 tro-

89 3683 174 3735 durre‚
188 3680 352 3735 aggiuugerai
367 3681 470 3726 clmeno
485 3679 582 3725 innanzi
598 3695 612 3725 a
626 3681 654 3725 iat
668 3694 756 3735 peneto,
775 3680 806 3725 ad
821 3681 941 3736 esprimer
961 3682 1051 3735 meglio
1070 3683 1087 3727 il
1105 3697 1169 3737 pen·

89 3754 158 3799 aiero
174 3751 261 3797 dell'A.
274 3775 301 3784 -
316 3755 594 3807 armamentum
610 3750 732 3796 traducilo
743 3765 811 3797 come
827 3766 853 3797 se
868 3752 964 3798 dicasse
975 3760 1168 3809 proponentur,

90 3836 162 3870 come
174 3822 256 3868 inlatti
266 3822 345 3868 scrire
356 3821 373 3867 il
381 3821 459 3868 Sorof.
469 3846 494 3853 —
502 3821 583 3866 naibi
596 3820 662 3874 ipsi
670 3821 875 3874 probaretur.
884 3822 965 3868 Notisi
976 3823 1109 3869 differeuza
1119 3830 1169 3871 tra:

88 3893 299 3939 drobaturmtbi
313 3892 416 3948 aliquid
430 3911 456 3928 --
470 3891 503 3936 mi
516 3890 590 3945 piace
605 3904 629 3945 q.
643 3903 670 3946 o,
687 3903 700 3936 e
716 3904 733 3937 a
748 3904 790 3938 nce
805 3893 910 3950 aliquid
928 3894 1058 3949 probatur
1072 3913 1101 3931 =
1113 3894 1178 3938 bob
