2526 4246
250 150 294 190 nn
311 148 456 192 oanrouu
472 150 534 191 ue.
553 150 589 199 11,
608 150 679 192 our.
696 150 776 197 L-nr,
795 150 911 199 umeros
1064 137 1115 189 191

56 252 113 319 odio
131 254 215 342 digni
239 265 402 341 putemur,
431 256 455 321 si
478 264 531 323 aut
551 254 721 343 tragoedias
750 275 874 342 agamus
896 255 929 320 in
952 255 1041 342 nugis
1062 266 1115 320 aut

53 359 215 424 convollere
230 357 409 424 adoriamur
422 379 467 436 ea,
484 379 562 444 quae
577 378 640 424 non
663 358 782 444 possint
801 352 997 424 commoveri.
1042 357 1114 429 lam,
1141 360 1192 415 206

52 460 187 543 quoniam
213 464 288 527 haec
309 460 374 527 lere
394 460 528 527 maxime
543 472 615 527 sunt
630 461 661 526 in
682 459 816 527 iudicum
839 460 950 526 animis
973 470 1034 538 aut,
1051 461 1116 545 qui-

48 578 171 648 cumque
197 562 245 627 illi
273 572 373 640 crunt,
401 562 483 648 apud
512 583 587 649 quos
615 582 753 649 agemus
784 563 920 628 oratione
949 561 1114 637 molienda,

49 683 138 743 amor,
165 665 282 743 odium,
306 665 471 743 iracundia,
495 665 621 744 invidia,
644 664 861 749 misericordia,
889 685 967 750 spes,
990 664 1114 739 laetitia,

49 765 145 844 timor,
168 769 322 834 molestia:
350 768 497 834 sentimus
525 788 663 834 amorem
691 766 855 845 conciliari,
880 767 904 832 si
927 767 958 831 id
981 766 1114 844 videare,

49 869 124 952 quod
145 871 183 936 sit
206 870 284 936 utile
305 870 389 956 ipsis,
411 870 492 956 apud
514 890 590 956 quos
620 891 703 957 agas,
727 869 906 949 defendere;
937 880 989 936 aut
1011 870 1035 934 si
1058 890 1115 955 pro

51 969 131 1036 honis
153 973 229 1037 viris
251 982 404 1041 autoerte
426 993 483 1058 pro
504 973 552 1049 iis,
570 972 621 1058 qui
646 972 707 1037 illis
731 972 802 1038 boui
826 982 917 1058 atque
939 972 1030 1039 utiles
1045 972 1114 1049 sint,

50 1074 190 1141 laborare.
222 1074 359 1162 Namque
393 1075 465 1141 haec
498 1095 546 1141 res
580 1095 718 1141 amorem
752 1076 846 1163 magis
879 1075 1033 1154 conciliat,
1062 1076 1141 1140 illa'

54 1176 164 1244 uirtutis
180 1178 317 1244 defensio
331 1179 500 1258 caritatem;
516 1180 648 1264 plusque
662 1179 791 1263 proficit,
808 1178 833 1244 si
848 1179 1032 1265 proponitur·
1047 1199 1115 1264 spos

56 1279 181 1346 utilitatis
214 1281 336 1348 futurae
364 1301 456 1367 quam
489 1281 647 1368 praeteriti
681 1281 822 1347 beneficii
855 1282 1114 1347 commemoratio.

59 1379 228 1450 Enitendum
251 1393 304 1462 est,
327 1395 361 1450 ut
382 1385 523 1450 ostendas
546 1385 578 1449 in
601 1405 636 1450 ea
660 1404 703 1460 re,
719 1403 811 1470 quam
831 1383 987 1459 defendas,
1004 1394 1056 1449 aut
1072 1384 1114 1451 di.-
1141 1385 1193 1437 207

61 1485 189 1568 gnitatem
219 1488 319 1553 inesse
345 1498 398 1554 aut
422 1487 603 1565 utilitatem,
627 1507 775 1573 eumque,
799 1487 846 1552 cui
868 1487 1009 1552 concilies
1033 1486 1114 1551 hunc

63 1605 188 1667 amorem,
211 1589 363 1676 significes
378 1589 456 1655 nihil
476 1591 514 1656 ad
529 1590 693 1657 utilitatem
709 1609 795 1655 suam
814 1590 966 1655 rettulisse
986 1609 1019 1653 ac
1034 1588 1112 1654 nini}

64 1691 169 1758 omnino
192 1692 296 1759 fecisse
311 1712 400 1758 causa
414 1713 477 1758 sua.
494 1692 653 1758 luridetur
670 1692 754 1757 enim
769 1691 935 1757 commodis
953 1691 1114 1757 homiuum

65 1789 193 1875 ipsorum;
217 1795 326 1861 studiis
348 1803 450 1861 autem
479 1815 602 1861 eorum.
614 1795 722 1860 ceteris
748 1795 960 1860 commodandi
985 1795 1113 1860 favetur.

66 1888 279 1983 Videndumque
301 1897 358 1963 hoc
382 1898 446 1962 loco
468 1908 522 1974 est,
547 1917 596 1974 ne,
620 1917 695 1982 quos
717 1896 756 1961 ob
780 1896 934 1962 benefacta
957 1896 1041 1984 diligi
1065 1917 1115 1962 vo·
1141 1906 1192 1961 208

67 1991 284 2076 lemos-eorum
309 1997 431 2064 laudem
457 2009 548 2083 atque
576 1998 715 2084 gloriam,
746 1998 793 2063 cui
823 1999 956 2064 maxime
982 1999 1114 2066 invideri

69 2097 133 2177 solet,
152 2103 244 2168 nimis
272 2101 383 2167 efferre
408 2101 578 2167 videamur.
603 2101 699 2185 Atque
727 2100 836 2165 iisdem
861 2102 909 2166 his
931 2122 968 2166 ex
992 2102 1063 2166 locis
1085 2114 1116 2167 et

71 2192 93 2260 in
108 2203 173 2268 alios
194 2204 301 2270 odium
323 2213 442 2270 struere
463 2203 613 2269 discemus
635 2213 666 2268 et
687 2225 704 2268 a
727 2203 815 2268 nobis
833 2223 867 2268 ac
883 2203 995 2268 nostris
1014 2203 1116 2269 demo-

70 2314 133 2384 lero3
153 2307 322 2392 eademque
344 2307 418 2372 haec
438 2326 550 2394 genera
573 2315 645 2372 sunt
667 2305 821 2371 tractanda
845 2306 875 2371 in
892 2305 1049 2370 iracundia
1064 2308 1114 2371 vel

69 2404 200 2476 excitanda
222 2412 272 2476 vel
295 2408 438 2475 sedanda.
461 2407 536 2474 Nam
558 2409 594 2486 si,
618 2409 699 2494 quod
725 2409 807 2494 ipsis,
824 2409 876 2494 qui
893 2408 1033 2485 audiunt,
1049 2413 1117 2494 per-

70 2503 190 2579 niciosum
213 2523 265 2579 aut
280 2512 389 2578 inutile
404 2513 452 2590 sit,
468 2512 499 2576 id
517 2510 627 2577 lactum
643 2532 761 2597 augeas,
780 2511 886 2578 odium
901 2521 1036 2590 creatur3
1057 2512 1114 2589 sin,

69 2612 129 2688 qood
147 2627 197 2683 aot
220 2617 252 2680 in
276 2616 371 2681 bonos
384 2615 466 2680 viros
482 2614 582 2681 autin
598 2635 658 2692 eos,
676 2614 734 2700 [inl
752 2635 827 2700 quos
843 2614 972 2680 minime
988 2614 1117 2700 quisque

68 2704 193 2798 debuerit,
216 2719 324 2784 autin
348 2738 413 2784 rem
441 2717 610 2804 publicam,
635 2728 701 2784 tum
730 2718 895 2795 excitatur,
920 2717 943 2782 si
968 2728 1115 2783 nontam

70 2843 338 2870 *—

67 2933 99 2972 ⁸0³
109 2935 153 2981 oosl
167 2935 280 2990 disposti.
289 2959 315 2967 -
330 2937 412 2986 odio.
426 2950 474 2983 non
485 2950 496 2982 ‹
506 2937 563 2982 odio
573 2948 593 2990 ›,
603 2950 643 2981 ma
653 2949 664 2981 ‹
675 2936 724 2980 mel
735 2935 824 2990 animo,
839 2935 1004 2990 disposiziono
1015 2937 1086 2982 ostile
1098 2948 1117 2980 ›.

67 3001 265 3060 *trauoeataa
280 3019 413 3061 agamus
427 3008 460 3052 in
473 2993 602 3061 nuclei}
613 3021 646 3051 un
656 3006 789 3061 proverbio
799 3006 844 3051 cho
854 3005 932 3052 dicesi
943 3006 966 3051 di
978 3006 1017 3051 chi
1034 3007 1117 3058 gonlin

68 3060 84 3109 ¹0
95 3083 140 3122 cose
154 3091 167 3124 o
182 3091 282 3124 ossuum
296 3091 330 3122 un
343 3082 401 3123 tono
415 3078 520 3132 tragico,
536 3079 562 3122 V.
576 3079 595 3132 I,
611 3081 652 3122 219
667 3091 679 3123 e
695 3079 726 3132 II,
740 3080 840 3122 cns-227.

76 3221 80 3230 ἱ
115 3165 308 3212 mdccc...
332 3169 443 3213 cunt...
466 3167 615 3211 oratione
636 3167 898 3211 molienda=son
917 3170 1005 3221 queste
1021 3167 1117 3220 lepos·

65 3231 303 3283 ⁸¹⁰11idadestorcol
318 3235 436 3282 discorso.
449 3260 475 3267 -
489 3238 648 3281 sentimus
663 3235 834 3289 -soppiumo
849 3259 874 3266 -
889 3238 967 3280 leaeo
985 3249 1043 3287 ree,
1062 3236 1116 3281 clod

65 3295 114 3347 “id
124 3310 232 3363 videare,
244 3308 313 3363 quod
322 3307 431 3353 cltrctile
444 3308 517 3362 ipsis,
527 3309 600 3362 apud
615 3321 678 3362 quos
694 3321 767 3362 auos,
781 3307 918 3363 defendere
932 3330 958 3337 -
972 3307 1038 3351 illa
1058 3309 1118 3352 vir-

65 3364 127 3421 ittig
146 3380 299 3434 defensio,
313 3378 366 3424 cioe
377 3393 383 3423 ι
396 3379 420 3424 si
430 3391 481 3434 pro
496 3379 569 3423 bonis
583 3380 658 3425 ciris.
667 3413 685 3424 ..
703 3379 825 3430 (videare)
834 3378 963 3423 laborare.

115 3487 180 3534 207.
194 3490 245 3535 ceci
266 3490 421 3534 concilies
434 3510 461 3523 «-
471 3489 510 3534 cui
520 3488 625 3533 vorresti
636 3488 812 3533 conciliare-
827 3488 1000 3532 commodis
1024 3489 1119 3532 homi-

67 3554 124 3598 num
143 3560 289 3616 ipsorum
302 3579 330 3594 ι·
343 3559 395 3613 agli
408 3559 501 3604 nomini
521 3559 566 3604 ohe
580 3559 630 3604 hen
644 3559 707 3603 fatto
722 3571 781 3603 cosa
796 3558 885 3602 alcuna
898 3571 945 3611 per
959 3562 1119 3605 tornaconto:

66 3624 110 3674 ⁰88i
122 3627 239 3677 diciomo:
252 3630 348 3682 eguisti.
362 3654 389 3662 -
408 3631 541 3677 studiis...
556 3632 667 3687 lavetur
680 3650 707 3663 ==
721 3629 742 3674 si
763 3627 920 3674 fevoriscono
942 3629 1019 3683 quelli
1038 3628 1082 3674 che
1098 3629 1118 3672 si

66 3693 159 3745 ltudiano
174 3701 199 3746 di
214 3700 253 3746 fer
274 3699 336 3746 bene
357 3702 557 3750 (commodando
572 3700 662 3754 altrui3
676 3699 734 3753 oggi
750 3698 771 3744 si
786 3697 927 3743 chiemeno:
943 3698 1057 3744 oltruisti.

117 3805 186 3852 2⁰8.
202 3807 309 3852 odium
327 3810 455 3853 struere
469 3805 482 3851 d
496 3807 514 3851 il
529 3819 629 3852 oercare
640 3805 664 3850 di
674 3805 778 3859 perdere
789 3802 870 3858 oltrui,
879 3804 1040 3850 rovesclando
1055 3808 1118 3850 tutto

65 3858 163 3923 ΙΙ0110111
176 3878 201 3923 di
215 3876 259 3923 lui.
272 3899 298 3908 -
312 3878 345 3923 id
361 3878 490 3933 sactum
503 3897 530 3912 ==
543 3878 586 3933 id;
600 3880 671 3922 tento
686 3874 731 3922 ohe
745 3874 771 3920 in
792 3874 880 3921 elcuue
895 3873 1004 3921 edicioni
1016 3873 1040 3919 si
1055 3873 1119 3920 rode
