2526 4246
127 156 178 211 2713
493 171 527 211 u.
545 172 651 213 runnu
670 172 834 216 acnuam

127 296 245 341 suuuna
269 274 414 341 orationis
436 275 591 352 varietate,
614 279 702 344 nulla
719 288 896 346 nostrarum
917 279 1035 348 aurium
1048 277 1117 344 saliet

66 398 101 453 33
127 377 185 444 Nos
207 389 319 455 autem,
335 377 518 465 quicumque
533 378 564 443 in
580 376 709 447 dicendo
730 401 847 460 sumus,
863 383 1009 469 quoniam
1019 379 1118 449 esseali

127 481 159 546 in
190 501 318 547 numero
348 480 434 547 vobis
459 480 611 559 videmur,
638 494 719 550 cette
749 485 919 551 tamenab
946 485 1035 553 huius
1060 485 1119 550 mult

125 605 237 671 genere
259 585 421 671 distamus;
445 584 526 670 quod
548 587 640 671 quale
661 585 709 664 sit,
726 605 788 651 non
810 597 857 653 est
879 608 985 655 meum
1006 589 1119 671 dicere]

125 700 229 774 pterea
252 687 333 773 quod
356 686 484 754 minime
504 686 561 754 sibi
583 687 713 775 quisque
735 698 824 756 notus
846 701 893 757 est
914 703 947 758 et
967 691 1119 758 difficillimi

125 812 157 858 se
179 790 308 877 quisque
329 791 434 869 seutit;
459 789 511 857 sed
534 800 636 857 tamen
659 790 875 860 dissimilitudo
898 794 1034 882 intellegi
1054 805 1119 880 pote

125 915 163 960 ex
185 904 285 959 motus
311 893 372 958 mei
402 892 608 959 mediocritate
629 903 659 959 et
681 915 719 960 eu
747 915 792 972 eo,
816 895 909 980 quod,
933 898 1043 983 quibus
1063 907 1115 963 vest

125 997 261 1083 primum
285 996 390 1073 institi,
414 996 445 1061 in
470 995 506 1060 iis
528 996 591 1061 lere
614 999 695 1062 soleo
716 1017 863 1083 perorare
885 1009 916 1065 et
939 1000 1021 1085 quod
1042 1000 1119 1085 aliqu:

126 1119 175 1165 me
197 1099 294 1164 maior
324 1099 355 1163 iu
379 1099 482 1165 verbis
505 1098 611 1186 [quam
634 1099 665 1164 in
688 1100 862 1187 sententiis]
889 1102 1040 1189 eligendis
1060 1104 1117 1167 labo

124 1223 194 1267 cura
211 1210 331 1286 torquet
353 1211 521 1278 verentem,
543 1221 591 1278 ne,
615 1201 640 1266 si
662 1204 755 1288 paulo
782 1202 948 1270 obsoletior
978 1205 1068 1271 fuerit
1087 1225 1118 1269 on

63 1318 96 1372 34
124 1325 185 1370 non
209 1299 300 1391 digna
323 1304 546 1390 exspectatione
573 1313 602 1369 et
617 1304 739 1369 silentio
759 1304 851 1372 luisse
867 1305 1018 1374 videatur.
1062 1307 1116 1391 Quo

125 1408 156 1472 iu
172 1407 269 1484 nobis,
285 1407 338 1493 qui
354 1407 508 1483 adsumus,
524 1415 625 1471 tantae
640 1405 905 1474 dissimilitudines
922 1423 1006 1488 suut,
1023 1421 1082 1476 tam
1094 1430 1117 1475 ce

123 1531 172 1576 res
192 1511 338 1601 cuiusque
357 1509 503 1605 propriae
525 1518 555 1574 et
578 1509 609 1574 in
632 1529 668 1574 ea
690 1511 837 1576 varietate
858 1511 923 1578 lere
945 1514 1056 1580 melius
1076 1535 1090 1578 a
1108 1512 1116 1576 c

123 1615 204 1679 riore
227 1604 375 1678 laculta‘te‘
388 1612 484 1698 magis
510 1631 603 1698 quam
628 1631 741 1698 genere
767 1612 967 1700 distinguitur
994 1627 1082 1702 atque
1099 1635 1115 1679 o¹

122 1715 273 1791 laudatur,
289 1714 370 1800 quod
394 1713 424 1778 in
448 1734 502 1779 suo
523 1734 635 1800 genere
652 1714 821 1798 perlectum
844 1725 898 1793 est,
920 1716 1115 1802 quidcenseti

122 1837 238 1894 omnes,
254 1817 306 1902 qui
321 1816 435 1902 ubique
457 1827 529 1882 suut
551 1825 602 1882 aut
617 1816 742 1883 luerunt
763 1828 909 1896 oratores
929 1821 1070 1907 amplecti
1090 1839 1114 1883 u

122 1918 237 1984 rimus?
251 1939 354 1983 nonne
369 1918 443 1995 lore,
456 1929 499 1996 ut,
511 1930 584 2005 quot
593 1931 738 1998 oratores,
751 1920 878 1986 totidem
890 1943 990 2008 paene
1002 1923 1110 2011 reperio

120 2042 231 2109 genera
258 2021 397 2087 dicendi?
419 2022 461 2087 Ex
488 2043 547 2107 qua
571 2043 639 2087 mea
669 2022 875 2112 disputatione
904 2025 1032 2092 forsitan
1057 2045 1112 2092 occu

120 2126 207 2203 illud,
230 2125 254 2191 si
281 2145 379 2210 paene
406 2125 647 2191 innumerabiles
675 2124 736 2190 sint
763 2125 849 2212 quasi
878 2127 996 2195 formae
1019 2130 1112 2217 figura

187 2377 239 2420 33.
261 2374 449 2429 quicumque
468 2371 509 2425 qui
529 2370 562 2415 he
580 2372 664 2416 valore
685 2371 709 2415 di
728 2371 944 2429 qualencumque,
962 2374 1051 2428 poiche
1069 2372 1097 2417 he

119 2445 192 2490 l’idee
207 2445 230 2489 di
241 2443 343 2498 qualite,
358 2444 381 2487 di
395 2442 483 2497 pregio
499 2455 512 2486 o
526 2442 618 2486 valore.
636 2442 796 2497 Quicumque
809 2443 839 2487 iu
852 2443 961 2490 diceudo
975 2457 1067 2490 eumue
1080 2462 1101 2479 =

119 2516 163 2560 cha
183 2517 220 2560 nic
239 2517 255 2559 il
275 2518 358 2558 nostro
372 2514 456 2558 valore
472 2513 586 2557 oratorio.
608 2535 634 2542 -
656 2512 766 2566 aliqua
788 2513 821 2557 iu
841 2526 975 2559 uumero
993 2533 1020 2551 =
1039 2515 1062 2559 iu
1075 2528 1103 2558 un

119 2591 198 2629 conto.
216 2609 243 2615 -
264 2586 299 2628 da
320 2598 352 2628 ee
375 2585 508 2638 quisque
530 2584 630 2626 eetttit
649 2600 674 2617 =
693 2582 782 2628 l’uomo
797 2582 901 2638 pudfer
915 2583 1025 2637 giudizio
1040 2589 1098 2630 retto

118 2679 144 2686 -
166 2669 200 2698 eu
222 2658 326 2698 matus
349 2655 408 2697 rutel
431 2653 671 2705 aitediocritate,
691 2656 798 2706 opposta
817 2666 849 2698 e:
868 2659 1027 2700 commotum
1045 2657 1073 2700 iu
1088 2667 1110 2707 aq

118 2725 156 2769 del
173 2727 231 2778 532,
244 2724 313 2767 vale:
329 2723 367 2767 del
383 2737 445 2777 poco
460 2722 595 2767 muovermi
609 2722 653 2766 ahc
669 2722 693 2767 fo
709 2724 740 2768 io.
755 2723 803 2769 Ot'r.
818 2723 951 2780 Brutum,
965 2729 1015 2771 158:
1036 2738 1110 2771 uoltu

119 2796 226 2840 iactatio
246 2794 363 2847 corporis
382 2793 416 2842 (di
431 2793 535 2844 Crasso).
551 2816 577 2823 -
596 2794 713 2847 quidue
734 2795 884 2849 uestigiis
903 2797 1048 2850 primum
1070 2798 1110 2840 lut

117 2868 232 2910 decenno
247 2863 270 2908 ei
284 2864 354 2917 punti
369 2865 494 2917 (castigio)
510 2863 599 2908 toccuti
613 2862 770 2910 nell'esordio
786 2864 933 2918 (primum).
953 2889 981 2897 -
998 2868 1032 2912 iu
1052 2867 1091 2912 iic
1107 2877 1110 2905 t

117 2937 224 2982 dicasse:
237 2938 348 2981 ltaereue
363 2939 386 2979 et
401 2934 574 2989 commorans)
591 2936 662 2990 sere
682 2936 769 2979 solea
786 2948 955 2990 perorare,
974 2950 1020 2983 con
1036 2936 1107 2992 quelli

117 3009 170 3053 sino
186 3009 235 3054 alla
250 3007 418 3062 perornzione,
432 3007 484 3051 eloe
499 3006 584 3051 finisco
600 3006 616 3050 il
632 3000 750 3054 discorso.
763 3030 789 3037 -
805 3007 907 3062 paulo
926 3008 1099 3054 obsoletior

116 3080 222 3134 pachino
237 3092 346 3125 comune.

183 3186 233 3230 34.
248 3190 312 3230 tant
335 3187 440 3228 certae
455 3202 481 3218 =
495 3186 564 3226 tanto
578 3181 729 3235 porticoluri.
743 3205 769 3212 -
789 3186 816 3226 el
831 3181 863 3225 iu
884 3194 920 3226 ea
940 3184 1101 3229 varietate

115 3258 240 3303 ortelius.
249 3292 267 3303 ..
285 3255 395 3299 Intendi:
409 3255 433 3298 in
448 3258 517 3298 tante
526 3252 621 3297 varietd
632 3252 657 3296 di
667 3251 759 3296 oratori
770 3252 786 3295 il
796 3252 909 3305 migliore
920 3252 1068 3308 distinguesi
1078 3254 1111 3299 de]

115 3329 183 3380 glore
199 3330 225 3378 (a
240 3328 373 3378 deteriore)
387 3326 507 3379 piuttosto
522 3338 567 3377 per
576 3324 601 3367 lu
611 3323 816 3376 disuguuglienza
826 3322 971 3370 doll’abilite
980 3326 1112 3379 (facultate

114 3411 160 3451 per
174 3398 199 3441 la
213 3396 413 3449 dissemiglianze
428 3395 467 3439 del
482 3407 572 3447 genere
587 3397 701 3448 (perteret.
711 3395 841 3446 Insomme,
851 3393 969 3440 dicendo:
984 3398 1112 3451 queseora

114 3466 227 3518 ruigliore
248 3466 377 3520 doll'eluo,
397 3464 546 3510 intendiomo
569 3464 594 3507 di
615 3464 667 3508 dire
687 3465 732 3508 che
747 3465 811 3508 l’uno
827 3465 867 3509 nel
882 3478 926 3510 suo
941 3479 1032 3518 genere
1047 3467 1060 3512 ὸ
1074 3466 1112 3517 mit

114 3536 236 3582 dell¹ultro
250 3537 289 3580 uel
305 3550 357 3589 suo,
371 3550 383 3580 c
398 3549 446 3580 nou
459 3535 503 3580 che
519 3535 535 3578 il
546 3548 636 3588 genere
646 3535 747 3589 proprio
759 3535 864 3580 dell'uno
875 3535 912 3580 sie
922 3535 1036 3590 migliore
1047 3538 1110 3589 delg

114 3605 139 3649 ‹li
154 3605 206 3649 dire
220 3605 322 3660 proprio
337 3606 464 3650 dell‘ultro.
478 3606 587 3658 -sore
606 3605 712 3659 dipende
728 3605 760 3649 de
775 3606 890 3659 conectis,
905 3605 949 3650 che
964 3607 1078 3662 precede.
1094 3631 1112 3637 -

114 3679 226 3720 currat
241 3675 330 3729 :pud
345 3675 414 3719 venir
429 3676 452 3719 in
467 3681 548 3720 mente
559 3675 582 3718 di
594 3680 645 3719 trur
655 3680 743 3728 questa
758 3688 942 3728 conseguenze:
955 3679 981 3721 et
994 3692 1083 3732 paene,
1095 3691 1112 3722 e<

112 3748 236 3801 formae
253 3746 459 3801 figuraeque.
479 3745 580 3791 Forma
597 3745 610 3789 ὲ
630 3747 743 3799 l'espetto
759 3745 861 3791 estetico
877 3745 965 3792 diune
980 3761 1051 3801 cosa:
1065 3750 1111 3803 flat

107 3819 225 3874 respecto
238 3815 406 3863 matematico.
424 3815 471 3872 Qui
488 3815 510 3861 le
528 3815 575 3860 due
591 3816 646 3860 voci
661 3816 772 3861 terniano
788 3816 887 3861 endiedi
901 3830 914 3862 e
930 3817 950 3863 si
965 3832 1056 3895 possen
1071 3824 1112 3864 trau

98 3906 162 3939 con:
178 3889 226 3948 tipi
239 3889 327 3938 ideali.
