2526 4246
136 147 176 186 ore
193 146 341 188 onerose
357 148 419 188 us.
438 149 472 201 11,
490 147 562 189 cnr.
580 148 846 198 xxxvru-xxxrx,
865 150 876 198 s
892 149 982 192 tostos
1047 131 1096 186 175

48 251 213 318 tenuissimas
226 252 391 340 particulas
406 264 496 340 atque
511 255 616 320 omnia
630 254 761 320 minima
777 273 893 331 mansa,
910 263 944 320 ut
962 253 1096 320 nutrices

48 347 190 417 infantibus
198 351 315 437 pueris,
327 351 361 416 in
374 371 408 417 os
421 352 566 418 inserant.
581 352 635 418 Sin
651 352 690 417 sit
704 353 739 430 is,
757 352 809 437 qui
825 361 856 417 et
870 351 1006 417 doctrina
1018 351 1095 416 mibi
1184 416 1189 425 ,

48 445 191 514 liberaliter
212 449 368 515 institutus
389 460 420 514 et
440 450 544 535 aliquo
566 450 628 516 iam
651 450 787 515 imbutus
809 470 866 514 usu
888 459 919 514 et
940 449 1012 513 satis
1034 448 1094 513 aori

48 540 146 628 ingenio
159 567 224 613 esse
240 546 391 625 rideatur,
405 547 479 613 illue
493 568 565 615 eum
581 547 709 634 rapiam.
725 547 776 614 ubi
792 566 853 613 non
866 549 980 613 seclusa
995 547 1097 631 aliqua

47 645 134 726 aquula
149 655 299 722 teneatur,
311 644 364 711 sed
378 646 460 713 unde
475 646 657 712 universum
673 646 789 712 llumeu
804 655 962 731 erumpat;
979 645 1030 730 qui
1051 644 1096 709 illi

46 740 111 806 sedes
131 753 160 808 et
181 743 269 828 quasi
284 743 436 810 domicilia
450 745 592 811 omnium
609 754 859 831 argumentorum
881 753 1098 809 commonstret

46 848 67 900 tt
84 860 112 906 ea
132 841 269 908 breviter
291 842 423 909 illustret
436 842 601 928 verbisque
616 841 752 908 deliniat.
797 840 877 924 Quid
891 841 976 907 enim
993 851 1048 918 est,
1064 841 1097 905 in
1126 842 1175 898 163

46 954 90 1020 quo
110 939 239 1018 haereat,
263 941 315 1027 qui
332 940 444 1007 viderit
460 961 562 1018 omne,
579 940 660 1026 quod
676 950 815 1007 sumatur
830 940 862 1004 in
878 939 1015 1005 oratione
1030 960 1097 1025 pro-

46 1031 158 1103 bandum
180 1050 233 1105 aut
257 1038 469 1117 refellendum,
493 1048 545 1104 aut
567 1059 605 1104 ex
635 1059 689 1104 sua
719 1038 796 1104 sumi
821 1037 850 1102 vi
874 1048 965 1123 atque
988 1047 1097 1103 natura

46 1142 83 1196 aut
99 1135 212 1202 adsumi
229 1136 324 1202 foris?
347 1137 388 1202 Ex
406 1159 458 1203 sua
478 1137 519 1213 vi,
535 1157 604 1203 eum
623 1148 675 1203 aut
697 1157 745 1202 res
768 1136 903 1221 quaesit
922 1146 992 1214 tota,
1009 1156 1098 1222 quae-

46 1239 117 1310 ratur,
138 1245 191 1300 aut
205 1255 279 1320 pars
296 1235 362 1300 eius
376 1245 428 1301 aut
442 1234 624 1302 vocabulum
639 1235 721 1321 quod
737 1234 848 1300 lrabeat
862 1244 915 1300 aut
928 1233 1097 1320 quidpiam,

46 1344 94 1394 rem
106 1331 188 1398 illam
204 1332 287 1418 quod
302 1333 445 1420 attingat;
460 1333 648 1400 extrinsecus
662 1343 775 1409 autem,
791 1352 860 1398 oum
875 1330 920 1409 ea,
933 1352 1011 1417 quae
1026 1343 1098 1397 sunt

46 1421 99 1493 loris
113 1449 211 1516 neque
233 1430 398 1497 inhaerent
413 1432 444 1496 in
462 1431 505 1497 rei
528 1441 648 1507 natura,
670 1431 864 1517 colliguntur.
910 1430 939 1494 Si
964 1450 1013 1494 res
1036 1439 1097 1495 tota
1125 1442 1174 1496 164

46 1528 191 1606 quaeritur,
207 1528 390 1595 definitione
410 1529 617 1596 universatis
639 1529 818 1615 explicanda
834 1539 888 1605 est,
908 1528 968 1592 sie:
989 1526 1020 1592 Si
1037 1546 1099 1592 nra-

45 1617 113 1689 ieras
130 1637 174 1692 est
196 1626 369 1713 amplitudo
390 1648 424 1694 ae
445 1627 577 1714 dignitas
598 1627 738 1704 civitatis,
762 1628 787 1690 is
809 1647 877 1692 eam
900 1625 1021 1702 minuit,
1045 1626 1097 1710 qui

45 1725 189 1791 exereitum
202 1725 342 1792 hostibus
352 1727 457 1811 populi
471 1725 598 1791 Romani
611 1725 746 1803 tradidit,
760 1745 822 1791 non
835 1725 887 1810 qui
902 1745 984 1802 eum,
996 1724 1049 1809 qui
1067 1723 1098 1788 id

45 1808 147 1901 ferisset,
159 1823 268 1911 populi
285 1823 411 1889 Romani
426 1824 567 1910 potestati
582 1824 717 1889 tradidit.
763 1823 817 1888 Sin
829 1843 910 1908 pars,
923 1823 1096 1909 partitione,
1126 1844 1175 1898 165

46 1911 86 1982 boo
104 1921 207 1988 modo:
231 1922 289 1987 llut
311 1923 428 1988 senatui
452 1922 625 2007 parendum
640 1922 679 1988 de
698 1923 795 2013 salute
819 1922 861 1987 rei
884 1921 1024 2007 publioae
1042 1920 1098 1987 luit

45 2025 82 2079 ant
99 2019 179 2086 aliud
202 2019 365 2085 eonsilium
388 2019 611 2086 instituendum
634 2031 686 2087 aut
708 2041 761 2086 sua
784 2031 893 2105 sponte
907 2019 1096 2097 laeiendum;

45 2112 108 2182 aliud
127 2118 300 2195 eonsilium,
323 2118 505 2204 superbum;
528 2139 628 2196 suum,
652 2119 817 2204 adrogans;
840 2118 990 2184 utendum
1006 2118 1099 2204 igitur·

45 2207 85 2278 brit
103 2218 227 2283 oonsilio
248 2226 380 2283 senatus.
404 2216 436 2282 Si
451 2237 490 2283 ea
505 2218 661 2295 vocabulo,
684 2228 718 2283 ut
741 2216 850 2283 Carbo:
875 2217 904 2281 Si
922 2218 1026 2282 oonsul
1042 2227 1096 2293 est,

45 2312 82 2391 qui
100 2316 228 2383 oonsulit
248 2315 376 2401 patriae,
400 2315 474 2401 quid
504 2315 588 2382 aliud
615 2315 683 2382 lecit
706 2313 864 2401 Opimius?
910 2314 964 2380 Sin
986 2315 1024 2379 ab
1051 2335 1096 2392 eo,
1126 2326 1175 2380 too

45 2411 106 2490 quod
126 2434 192 2480 rem
215 2413 347 2500 attingit,
368 2415 473 2499 plures
495 2424 567 2481 sunt
589 2424 841 2502 argumentorum
867 2413 953 2478 sedes
975 2433 1008 2477 ao
1030 2413 1096 2478 lori.

45 2502 99 2573 lam
119 2524 148 2578 et
170 2513 332 2578 ooniunota
354 2532 536 2597 quaeremus
564 2522 594 2578 et
619 2533 732 2599 genera
754 2522 784 2577 et
806 2521 909 2597 partes
934 2511 1098 2598 generibus

45 2621 318 2640 b·—

45 2668 98 2729 letto,
117 2691 131 2721 s
152 2680 199 2723 mo‘
221 2677 245 2720 di
258 2676 406 2731 ¹proverbio,
424 2690 469 2731 per
491 2676 602 2723 dinotere
623 2677 741 2723 l'essidue
762 2677 838 2722 fetico
859 2677 1050 2723 dell'eseroizio.
1072 2702 1098 2709 -

45 2750 147 2798 nanee,
171 2743 205 2790 de
232 2743 344 2788 mondeo
369 2764 395 2777 ι-
417 2743 526 2789 mastico.
548 2768 575 2775 -
598 2745 786 2799 infantibus
811 2745 940 2799 puerum
962 2745 1053 2790 letter.:
1075 2747 1097 2790 ei

45 2803 132 2855 bneiulli
151 2810 197 2855 ohe
224 2822 317 2855 encore
335 2823 383 2854 non
403 2811 515 2863 periano.
535 2811 576 2855 Me
600 2811 620 2855 si
642 2810 745 2855 traduce
766 2824 812 2855 con
833 2824 883 2855 une
904 2811 958 2856 sole
982 2825 1051 2857 roee.
1072 2837 1099 2842 -

45 2873 133 2930 rttquo
153 2878 219 2922 iam
246 2875 387 2921 imbutos
407 2889 478 2930 usta,
500 2877 545 2922 obe
567 2877 642 2922 abbia
663 2878 768 2930 quelche
789 2890 853 2931 poco
877 2876 1053 2931 d'esperienze.
1073 2904 1099 2910 -

48 2939 114 2997 llue,
127 2943 181 2989 oieb
196 2944 234 2989 ad
247 2942 423 2988 Aristotelem.
437 2966 464 2974 -
477 2944 579 2998 aquete
593 2944 625 2989 be
639 2944 657 2988 il
672 2943 810 2997 significato
825 2943 862 2988 di:
876 2944 995 2999 leghetto,
1007 2946 1098 2999 pieoiol

46 3013 135 3059 ussello,

90 3084 249 3140 lenonio
268 3085 350 3129 enim
371 3089 430 3140 est,
448 3087 482 3131 in
496 3099 555 3141 qtae
569 3087 995 3142 baerear=0utd...eeteurtn
1006 3090 1099 3144 atiquo

45 3161 57 3191 ‘e
68 3151 174 3196 baereat
187 3171 215 3184 -
229 3150 280 3195 Che
295 3150 382 3204 region
396 3151 433 3196 v'e
449 3152 497 3196 mei
513 3152 558 3198 ohe
573 3152 665 3206 inoegli
686 3153 711 3198 in
733 3155 822 3199 eleuare
844 3170 902 3202 cose
923 3155 1016 3203 ohi?...
1029 3179 1056 3188 -
1070 3159 1099 3203 vi

45 3219 119 3271 teque
138 3221 263 3263 natura
277 3216 388 3263 somene
403 3217 509 3263 endiadi.
524 3219 544 3264 ll
564 3219 638 3265 Sorof
656 3220 769 3265 traduce:
785 3221 945 3268 dall’essenze
959 3222 1026 3267 dello
1039 3236 1098 3268 oose

46 3296 182 3338 sprevere.
197 3307 223 3314 -
239 3286 308 3328 tota
321 3303 348 3317 -
362 3288 426 3329 tutte
440 3285 527 3330 intera.

90 3370 160 3415 1⁶4.
174 3370 332 3415 universa
349 3371 409 3424 uis,
425 3372 527 3416 nozione
542 3372 657 3425 generale
672 3372 770 3423 (Soror).

91 3454 161 3499 10³.
176 3452 236 3498 Sin
250 3465 345 3508 pars,
359 3455 544 3508 partitione
558 3476 585 3490 =
599 3455 629 3500 Se
645 3455 669 3500 la
684 3456 808 3511 quistione
824 3457 885 3502 oede
900 3472 942 3503 sur
956 3472 1004 3504 unu
1018 3465 1098 3514 parte,

47 3520 137 3564 oorresi
152 3520 204 3565 elle
217 3518 364 3574 pertizione.
381 3544 407 3551 -
424 3521 625 3576 superbiente
649 3522 695 3577 chi,
709 3523 791 3576 gonfio
808 3523 952 3580 durgogtio,
966 3526 1023 3571 vuol
1043 3540 1098 3572 sov-

45 3586 112 3630 ertire
136 3587 160 3631 lo
182 3585 264 3639 State,
288 3585 465 3633 oembiendone
489 3588 513 3632 la
539 3589 618 3634 forme
640 3588 664 3632 di
685 3603 806 3644 govern03
829 3591 963 3646 adrepens
982 3592 995 3637 ὲ
1015 3592 1054 3637 ehi
1078 3595 1099 3639 si

45 3652 165 3698 :tribuisse
176 3651 274 3707 qualite
289 3666 303 3697 e
316 3652 398 3706 poteri
413 3653 457 3699 ohe
472 3667 521 3700 non
542 3654 581 3699 he.
595 3678 621 3686 —-
641 3654 677 3700 st
694 3669 728 3700 eoo
748 3658 902 3702 vocabulo
916 3679 943 3692 ==
957 3658 988 3703 Se
1002 3659 1027 3704 le
1042 3673 1099 3704 eon·

46 3719 144 3764 eversis
160 3732 236 3764 nasce
247 3718 289 3763 del
303 3731 384 3764 nome.
398 3743 424 3752 —
441 3720 601 3776 opimiani,-
614 3734 636 3765 ν.
651 3726 661 3772 t
678 3724 723 3767 106.

91 3799 161 3844 166.
182 3799 219 3844 ab
241 3811 284 3853 eo,
306 3800 387 3853 quod
407 3813 472 3845 rem
491 3801 627 3856 altinate
641 3821 668 3834 -
689 3800 721 3846 de
742 3799 780 3846 oib
795 3802 840 3848 ohe
854 3803 887 3848 hu
901 3808 1020 3870 rapporto
1034 3805 1099 3851 oolla

45 3878 106 3910 ruse,
119 3890 145 3897 -
160 3865 335 3913 coniuncto
350 3866 374 3911 al
387 3866 458 3922 plur,
472 3867 497 3912 in
512 3867 650 3921 significato
660 3868 831 3933 reboriooael
840 3873 935 3926 quanto
954 3871 1109 3932 nominentur,
