2526 4246
136 141 171 194 62
500 154 534 195 u.
553 154 657 194 aucun
676 153 839 196 orcnnours

63 267 112 321 137
181 257 318 323 XXXI.
334 257 411 324 Turn
427 256 563 323 Crassus:
580 258 668 342 Atqui
685 258 826 336 arbitror,
842 256 966 344 Sulpici,
977 277 1046 324 cum
1061 256 1198 335 audieris,
1228 298 1233 305 -

139 379 201 424 non
223 370 286 424 tarn
307 370 338 426 10
360 360 434 426 baec
455 360 687 437 adunaturum,
711 381 789 446 quae
815 360 931 438 dixero,
948 380 1039 445 quarn
1055 360 1200 426 existima·

139 471 244 527 turum
265 471 340 539 turn,
364 482 433 528 cunt
455 482 490 528 ea
512 461 619 529 audire
633 461 783 548 cupiebas,
800 483 919 528 causam
934 483 988 528 cur
1002 458 1130 548 cuperes
1144 482 1199 528 non

139 564 239 630 luisse.
264 563 345 629 Nibil
368 565 453 630 eninr
474 563 572 629 dicam
590 564 789 642 reconditum,
813 564 892 630 nibil
914 565 1138 651 exspectatione
1158 585 1200 630 ve

140 676 201 732 stra
223 662 360 752 dignuin,
383 666 461 731 nibil
484 677 536 733 aut
558 665 730 732 inauditum
752 665 837 732 vobis
852 676 904 732 aut
917 665 1059 752 cuiquam
1081 686 1199 734 333313.

139 768 214 834 Nam
228 768 389 854 principio,
405 767 436 833 id
451 767 532 853 quod
547 777 592 834 030
607 768 732 834 bornine
747 769 878 855 ingenuo
889 768 1125 860 liberaliterque
1138 767 1200 836 edu·

140 882 205 935 cato
226 869 362 955 dignuin,
386 890 448 934 non
471 869 586 956 negabo
609 890 658 935 rue
680 869 736 935 ista
754 871 892 936 omniurn
908 870 1082 937 communia
1096 880 1128 937 01
1141 891 1201 939 ocn-
1233 888 1236 893 ·

65 993 116 1047 033
141 972 212 1036 trita
227 982 386 1058 praecepta
398 970 550 1037 didicisse:
594 972 730 1058 prirnurn
746 973 873 1038 cratoris
888 972 1021 1038 officium
1032 993 1099 1039 esse
1110 972 1201 1039 dicere

142 1074 179 1138 ad
190 1072 438 1159 persuadendum
450 1073 680 1150 accommodate,
696 1068 807 1138 deinde
822 1094 886 1139 esse
898 1094 1022 1139 omnem
1039 1075 1201 1141 orationem
1238 1104 1244 1153 r

142 1185 194 1241 aut
215 1174 254 1240 de
275 1175 414 1239 infinitae
436 1174 480 1239 rei
504 1175 679 1260 quaestione
701 1175 767 1240 sine
785 1175 993 1262 designatione
1006 1195 1202 1262 personarum
1238 1156 1244 1251 l

142 1288 173 1342 et
194 1287 367 1361 temporum
389 1287 441 1342 aut
462 1275 500 1341 de
522 1297 556 1341 re
578 1277 666 1341 certis
689 1277 721 1371 in
742 1277 881 1363 personis
903 1297 937 1342 30
957 1277 1148 1364 temporibus
1167 1279 1203 1341 lo
1239 1344 1244 1357 Ι

68 1397 118 1452 139
142 1390 215 1444 0313.
260 1379 294 1443 13
315 1389 444 1465 utraque
466 1389 567 1455 autern
583 1399 616 1443 30
631 1378 779 1463 quidquid
796 1379 827 1442 in
843 1379 1081 1445 controversiam
1096 1380 1200 1456 veniat,

143 1481 176 1546 in
198 1501 234 1546 03
256 1481 358 1566 quaeri
383 1482 480 1546 solere
502 1491 554 1546 aut
576 1480 727 1546 lacturune
744 1480 782 1545 sit
797 1490 857 1556 aut,
874 1481 898 1545 si
914 1492 959 1546 est
977 1480 1100 1560 factum,
1122 1482 1203 1567 quale
1239 1490 1244 1501 ⁴

143 1583 182 1648 sit
204 1593 256 1649 aut
276 1584 368 1649 etiarn
391 1604 450 1668 quo
473 1583 597 1647 nornine
616 1593 738 1648 vocetur
753 1593 814 1659 aut,
830 1583 911 1667 quod
926 1584 1069 1649 nonnulli
1085 1584 1202 1658 addunt

71 1703 119 1756 1111
143 1695 264 1750 rectene
286 1684 396 1750 lactum
419 1705 483 1749 esse
505 1684 653 1749 videatur.
698 1683 847 1751 Exsistere
868 1695 969 1750 autern
992 1686 1204 1751 controversias

144 1787 236 1852 etiarn
258 1807 296 1851 ex
318 1786 420 1870 scripti
443 1785 704 1869 interpretatione,
728 1786 759 1850 in
782 1807 842 1872 quo
864 1797 915 1852 ant
930 1787 1071 1872 arnbigne
1086 1787 1158 1873 quid
1171 1786 1204 1851 sit

145 1889 290 1973 scripturn
303 1897 355 1953 aut
363 1887 513 1952 contrarie
525 1898 576 1952 aut
589 1887 679 1963 itaut
691 1908 706 1951 a
720 1889 868 1953 sententia
880 1888 1029 1974 scriptura
1041 1888 1203 1955 dissentiat:

146 1990 194 2054 bis
215 2000 317 2055 autern
332 1989 474 2054 ornnibus
491 1990 628 2074 partibus
644 1990 775 2055 subiecta
790 1991 939 2075 quaedam
954 2010 1020 2055 esse
1034 2002 1204 2078 argumenta

70 2106 117 2161 111
145 2091 279 2177 propria.
324 2090 384 2156 Sed
406 2111 575 2168 causarum,
598 2112 675 2176 quae
697 2092 758 2156 sint
779 2093 966 2158 acornmuni
980 2095 1155 2179 quaestione
1169 2113 1206 2158 se·

146 2194 274 2272 iunctae,
289 2194 403 2279 partim
425 2193 457 2257 in
480 2193 598 2259 iudiciis
613 2194 737 2271 versari,
753 2194 866 2280 partirn
882 2195 914 2258 in
929 2194 1205 2272 deliberationibus

146 2317 211 2362 esse
233 2296 325 2362 etiam
346 2316 441 2384 genus
463 2296 597 2372 tertium,
621 2297 701 2381 quod
716 2297 748 2360 in
764 2296 923 2362 laudandis
938 2308 990 2361 aut
1005 2296 1206 2382 vituperandis

146 2505 247 2545 pronao.
257 2505 271 2537 3
286 2491 390 2537 durante
400 2492 418 2537 il
427 2490 517 2545 bagao,
530 2491 637 2536 scrivere
648 2494 739 2545 quanto
750 2490 815 2536 fosse
828 2492 866 2536 lor
875 2491 975 2545 onopo:
991 2490 1040 2537 essi
1050 2492 1207 2538 3303103333

146 2558 224 2602 nuche
239 2558 289 2602 3113
304 2557 438 2603 biblioteca
452 2557 476 2601 di
492 2571 557 2601 casa·
572 2557 592 2601 Ε
607 2556 656 2601 Cio.
671 2557 732 2601 ebbe
747 2557 844 2610 Tirone,
858 2557 954 2612 Crasso,
968 2557 1049 2604 Difilo.
1067 2558 1107 2602 Gli
1122 2555 1209 2604 schlavi

146 2623 241 2669 addetti
251 2624 299 2668 allo
309 2624 417 2668 scrivere
431 2622 557 2668 dioevansi
572 2623 692 2676 librarii:
705 2624 713 2666 i
724 2623 821 2677 copisti,
830 2636 1018 2678 amanuenaeo;
1031 2624 1039 2668 i
1052 2624 1210 2678 1010331333·

145 2693 260 2743 precatae,
273 2701 319 2735 033
333 2701 393 2733 voco
407 2689 469 2733 tolta
483 2687 523 2732 dal
539 2700 621 2740 greco,
635 2688 748 2742 lectores,
763 2703 808 2734 oon
822 2703 882 2734 voce
897 2690 981 2738 latinu.

188 2776 261 2829 cap.
283 2775 407 2820 XXXI.
429 2798 455 2806 -
475 2774 546 2819 187.
569 2774 695 2818 bomine
713 2776 862 2831 inqenuo:
885 2776 898 2820 0
918 2777 934 2820 11
955 2780 1038 2822 nostro
1060 2778 1212 2831 gentiluomo.

146 2838 279 2896 Inqenuus
294 2843 376 2893 bomo,
390 2845 496 2895 opposto
511 2853 526 2883 3
541 2839 686 2893 libertinus,
702 2840 715 2886 0
730 2843 818 2887 l'uomo
834 2842 841 2886 i
857 2841 896 2887 eui
911 2843 1019 2888 antenati
1036 2843 1109 2889 turon
1123 2843 1212 2890 nomini

146 2906 227 2960 liberi,
240 2920 288 2951 non
303 2906 403 2952 schlavi.

214 2979 284 3038 188.
299 2996 534 3039 accommodato
549 2992 570 3037 si
584 2991 695 3039 riferisoe
711 2996 861 3040 adicere·
876 2996 1035 3050 infinitae
1052 2997 1112 3049 rei.
1125 2997 1179 3043 3130
1192 2997 1213 3041 10

147 3059 314 3105 controversie
324 3073 338 3104 o
349 3059 487 3114 iproblomi
498 3059 615 3114 generali,
630 3068 734 3113 opposta
749 3061 797 3105 ulle
812 3061 977 3106 controversie
991 3075 1037 3116 per
1051 3075 1125 3108 cause
1140 3062 1214 3119 parti·

147 3126 224 3171 031331
239 3126 366 3180 (quaestio
375 3127 474 3182 linita).

214 3214 284 3258 140.
307 3227 341 3258 03
361 3215 481 3270 scripti
501 3214 779 3268 interpretatione
804 3235 831 3250 =-
854 3216 1127 3270 dull'interpretazione
1151 3216 1215 3261 della

147 3280 227 3333 lagga.
242 3279 305 3324 Vedi
319 3293 348 3324 su
362 3279 400 3324 310
415 3281 541 3333 Cicerone,
556 3280 591 3324 ad
607 3279 632 3324 0.
646 3279 768 3336 Horonn,
783 3281 816 3335 11,
829 3284 854 3336 93
868 3283 898 3326 de
911 3282 1065 3335 inventione,
1079 3282 1110 3336 H,
1124 3284 1159 3337 43,
1174 3284 1216 3328 125.

148 3369 175 3378 —
194 3351 249 3391 aut
268 3348 415 3392 eontraie
435 3368 461 3381 -=
489 3360 503 3391 a
534 3345 558 3388 vi
581 3345 593 3389 0
615 3346 719 3400 qualche
743 3347 951 3393 contruddizione.
969 3371 995 3380 -
1017 3361 1034 3392 a
1054 3350 1216 3394 sententio

148 3414 331 3466 scriptura:
351 3414 486 3467 scriptura
502 3411 546 3455 011
561 3412 760 3458 30333100103013
775 3414 846 3458 d'uno
861 3415 940 3468 logne,
954 3414 1027 3459 d'una
1042 3413 1216 3468 disposiziono;

147 3480 278 3524 sententia
293 3492 323 3522 ne
338 3478 351 3524 0
366 3479 389 3524 13
405 3479 499 3533 spirito.

216 3564 280 3609 141.
299 3577 316 3609 a
335 3565 494 3608 communi
515 3563 704 3616 quaestione
726 3577 757 3608 30
772 3567 902 3618 nicetae,
923 3568 1028 3619 opposta
1049 3566 1218 3622 all‘inflnitas

148 3631 194 3683 roi,
209 3644 268 3675 sono
282 3631 305 3674 10
320 3630 485 3675 controversie
501 3628 609 3673 ristrette
631 3629 654 3672 ai
676 3630 727 3674 ensi
742 3630 893 3684 particulari,
914 3631 1004 3676 013010
1020 3635 1185 3687 quaestiones
1203 3647 1217 3678 0

63 3702 67 3712 “
148 3710 245 3742 caueae
255 3697 355 3750 finitae.
369 3720 395 3727 -
408 3695 558 3749 iudiciis:
579 3693 592 3738 ὸ
607 3694 624 3738 11
633 3707 714 3749 qenus
724 3696 855 3748 iudiciale,
865 3695 929 3740 clod:
940 3696 1086 3749 giudiziario
1096 3714 1110 3744 o
1120 3700 1217 3745 forense

147 3761 234 3828 (γένος
252 3758 403 3824 δικανικόν).
421 3765 733 3821 -01011103311331033,·0
753 3766 768 3810 il
790 3780 870 3822 penus
888 3767 1162 3824 ἀο111ονα113331,3130
1178 3769 1218 3814 de·

143 3836 378 3906 11103311331γένος
396 3831 633 3902 συμβουλευτικόν).
648 3863 674 3872 -
695 3854 794 3895 qenus
816 3843 959 3893 tertium,
979 3843 1097 3895 o-ggiunto
1114 3842 1147 3888 dn
1163 3841 1218 3888 Ari·
