2526 4246
138 160 172 214 84
503 175 537 214 cr.
557 175 661 216 ructu
680 173 843 216 meracius

138 277 206 356 sibi,
229 278 255 367 si
277 298 339 343 nou
358 279 472 362 pepuli
492 290 520 342 ct
544 299 642 364 cc9cs,
671 287 702 344 at
734 297 840 343 omues
866 277 913 342 sui
939 277 1019 342 cives
1044 275 1205 340 consitium
1246 268 1253 345 Ιἶ

139 391 288 464 expetant,
1250 364 1253 399 ³

266 555 467 601 summarum
488 557 597 601 ccccm
617 537 734 613 incerti,
757 555 833 621 quos
855 556 907 620 cco
929 555 984 618 cpe
1004 554 1073 598 mcc

267 641 382 723 incepti
401 650 494 704 certos
516 651 723 723 compotesque
744 639 856 703 ccctsc'lc'

268 743 396 820 dimitto,
419 754 454 807 ct
475 763 515 806 cte
535 763 583 806 rcs
606 753 714 806 temere
736 751 865 806 tractent
889 739 1039 805 turbidas.

61 908 113 961 200
140 909 191 974 Est
212 910 295 975 enim
318 909 384 974 siue
406 909 499 974 dubio
521 908 629 976 dumus
651 910 727 974 iuris
749 909 877 975 consulti
892 908 983 973 totius
1000 909 1160 972 oraculum
1174 907 1207 972 ci-

140 1013 250 1077 vitatis.
274 1012 369 1078 Testis
391 1022 436 1077 est
459 1013 582 1079 huiusce
605 1012 639 1097 Q.
656 1012 743 1079 Mucii
767 1013 856 1078 ianua
872 1022 903 1078 et
917 1010 1114 1088 vestibulum,
1130 1009 1207 1096 quud

139 1115 172 1179 in
195 1114 260 1180 eius
274 1115 484 1180 infirmissima
499 1115 676 1181 valetudine
693 1114 869 1201 adiectaque
883 1115 944 1178 iam
964 1123 1062 1178 aetate
1077 1113 1207 1178 maxima

139 1216 247 1282 cotidie
269 1217 439 1303 frequentia
460 1217 573 1284 civium
596 1239 630 1283 ac
650 1237 840 1284 summorum
864 1216 1025 1281 huminum
1048 1215 1209 1302 splendore

138 1320 318 1386 celebratur.

61 1417 110 1471 2⁰¹
182 1423 307 1489 xuvl.
330 1422 392 1488 lam
416 1424 468 1488 illa
491 1443 553 1487 nun
576 1425 698 1508 longam
720 1423 889 1489 oraticnem
911 1420 1096 1499 desiderant,
1119 1440 1208 1507 quam

140 1526 267 1592 obrem
298 1526 470 1592 existimem
496 1526 617 1611 publica
647 1546 767 1610 quoque
789 1525 866 1603 iura,
894 1545 971 1610 quae
993 1534 1065 1590 sunt
1086 1524 1209 1610 propria

140 1629 269 1694 civitatis
290 1640 381 1715 atque
403 1629 534 1715 imperii,
559 1639 624 1694 tum
647 1638 845 1694 monumenta
872 1646 976 1693 rerum
1000 1636 1157 1714 gestarum
1182 1636 1211 1692 et

140 1731 730 1817 vetustatisexemplacraturinctaesse
749 1730 869 1796 debere.
892 1729 978 1807 Nam,
994 1739 1028 1795 ut
1050 1729 1083 1794 iu
1105 1748 1211 1795 rerum

138 1835 329 1920 privatarum
351 1835 447 1899 causis
469 1845 559 1918 atque
581 1834 699 1899 iudiciis
720 1832 928 1920 depromenda
950 1834 1040 1918 saepe
1054 1833 1153 1898 oratic
1168 1842 1212 1898 eu

139 1958 176 2003 ex
198 1937 265 2002 iure
286 1936 368 2000 civili
390 1946 421 2002 et
442 1936 561 2014 idcirco,
584 1946 618 2002 ut
640 1947 711 2001 aute
731 1935 874 2013 diximus,
895 1935 1008 2001 oratori
1023 1935 1099 2002 iuris
1114 1935 1212 2000 civilis

139 2039 262 2104 scientia
286 2039 453 2105 necessaria
476 2049 529 2116 est,
553 2039 647 2104 sicin
671 2039 768 2104 causis
788 2037 918 2124 publicis
935 2037 1129 2116 iudiciorum,
1144 2058 1211 2104 mu-

139 2143 267 2219 ticuum,
290 2151 412 2208 senatus
430 2142 529 2206 omnis
545 2142 619 2207 haec
632 2152 663 2208 et
677 2141 866 2226 antiquitatis
888 2139 1036 2206 memoria
1051 2150 1082 2206 et
1095 2139 1210 2225 publici

139 2245 214 2310 iuris
237 2245 397 2310 auctoritas
419 2255 449 2310 et
471 2244 621 2331 regendae
643 2243 688 2310 rei
703 2244 842 2330 publicae
857 2243 934 2309 ratic
949 2263 983 2308 ac
997 2242 1123 2308 scientia
1138 2253 1210 2308 tam·

139 2368 231 2434 quam
253 2348 354 2433 aliqua
377 2348 520 2413 materies
542 2347 579 2412 iis
601 2345 780 2424 oratoribus
795 2346 846 2431 qui
862 2356 1024 2411 versantur
1046 2345 1078 2410 iu
1102 2366 1137 2411 re
1158 2366 1210 2432 pu·

60 2445 113 2501 202
138 2451 225 2527 blica,
249 2450 380 2516 subiecta
403 2471 468 2515 esse
482 2449 580 2515 debet.
626 2448 691 2514 Ncn
706 2449 789 2514 euim
804 2447 987 2513 causidicum
1003 2447 1103 2513 nescio
1119 2467 1209 2534 quem

139 2573 239 2638 neque
260 2555 513 2637 proclamatcrem
536 2564 588 2618 aut
610 2553 749 2618 rabulam
773 2553 829 2618 hcc
851 2572 992 2618 sermone
1018 2563 1123 2619 ucstrc
1144 2573 1209 2619 cou-

138 2655 299 2741 quirimus‚
323 2654 375 2719 sed
398 2675 468 2720 eum
492 2656 603 2731 virum,
627 2656 680 2741 qui
702 2656 839 2740 primum
855 2656 893 2720 sit
908 2655 972 2720 eius
987 2655 1062 2721 artis
1074 2656 1207 2732 antistes

138 2754 222 2823 cuius
234 2777 302 2822 cum
314 2757 378 2842 ipsa
394 2768 503 2822 natura
519 2778 660 2844 magnam
677 2758 793 2823 homiui
808 2758 979 2824 facultatem
994 2757 1090 2836 daret,
1108 2768 1206 2824 tamen

138 2858 270 2924 effecisse
292 2859 367 2924 deus
388 2870 522 2945 putatur.
546 2870 579 2925 ut
602 2860 631 2925 id
656 2860 765 2946 ipsum,
789 2859 958 2946 quoderat
984 2860 1120 2925 hominis
1141 2880 1205 2946 prc

137 2962 250 3048 prium,
275 2983 336 3027 ncu
359 2974 482 3047 partum
504 2984 561 3049 per
583 2983 647 3040 nce,
671 2963 722 3028 sed
753 2963 900 3028 divinitus
929 2962 967 3027 ad
990 2983 1046 3028 uos
1074 2962 1205 3030 delatum

225 3147 247 3152 ..-
252 3146 443 3153 ..-———.

137 3267 157 3311 E
172 3280 239 3320 sono,
254 3280 322 3312 come
338 3267 343 3310 i
359 3266 479 3320 seguenti,
494 3265 533 3309 del
548 3268 623 3319 poeta
637 3264 722 3316 Ennio,
732 3263 756 3307 ‹li
766 3278 800 3307 uu
810 3263 902 3313 drama,
912 3261 936 3305 di
947 3261 985 3306 cui
995 3275 1044 3307 nou
1054 3261 1209 3308 conoscicmo

136 3337 154 3381 it
169 3338 246 3382 titolo.
262 3338 272 3381 I
286 3338 350 3381 versi
366 3350 425 3381 sono
441 3335 530 3381 senarii
547 3333 671 3388 giumbiui.

177 3426 252 3469 200.
267 3449 293 3456 -
308 3425 536 3480 frequentia...
555 3423 742 3467 celebratur
756 3442 782 3455 =
801 3421 813 3465 ὸ
829 3420 1016 3475 frequentatmc
1031 3419 1082 3465 cosi
1097 3421 1213 3466 onorata·

178 3531 250 3584 Gap.
265 3530 378 3574 ΧῙΝΙ.
395 3553 419 3560 -
435 3530 506 3573 201.
522 3532 727 3572 monumenta
748 3540 856 3573 rerum
876 3530 1042 3581 coctarum
1058 3538 1102 3571 sou
1116 3526 1139 3570 le
1152 3534 1213 3568 cro-

136 3601 222 3646 nuche.
235 3624 261 3631 -
276 3601 472 3654 contionum,
488 3598 635 3652 parlamenti
654 3599 733 3642 tenuti
747 3598 785 3642 ccl
800 3597 892 3651 popolo
907 3610 920 3641 e
938 3597 962 3641 la
977 3601 1057 3642 stesec
1070 3593 1218 3641 assembtea

136 3673 159 3718 di
176 3686 239 3718 esso.
255 3695 280 3702 —-
303 3671 520 3724 antiquitatis
542 3671 704 3722 memoria,
723 3670 748 3714 lu
762 3669 838 3714 storia
853 3668 942 3712 antica.

204 3760 279 3803 202.
297 3757 576 3812 proclamatcrcm
590 3756 626 3805 (in
643 3769 715 3800 senso
730 3756 754 3799 di
772 3754 909 3809 diepregic:
923 3754 1014 3799 cettiro
1034 3755 1166 3800 cvrocctci·
1179 3762 1218 3776 ‘

128 3829 299 3882 rabulam,
313 3826 345 3872 da
359 3829 431 3880 rabo,
445 3827 483 3871 chi
499 3827 531 3871 dc
546 3826 658 3871 naturae
669 3831 757 3880 pronto
768 3825 926 3871 allarabbic:
941 3824 1057 3880 ciarlone‚
1067 3824 1137 3870 tristc
1147 3827 1216 3866 οω-

115 3900 206 3944 cidrco.
230 3923 258 3929 -
280 3901 515 3956 conquirimus
532 3921 559 3934 -
577 3897 701 3945 cerchiam
719 3897 744 3943 ui
762 3897 871 3943 ritrarre.
884 3918 910 3928 -
925 3897 1138 3952 facultatem,
1151 3892 1216 3936 crt⁰
