<?xml version="1.0" encoding="UTF-8"?>
<!DOCTYPE html PUBLIC "-//W3C//DTD XHTML 1.0 Transitional//EN"
    "http://www.w3.org/TR/xhtml1/DTD/xhtml1-transitional.dtd">
<html xmlns="http://www.w3.org/1999/xhtml" xml:lang="en" lang="en">
 <head>
  <title>
</title>
<meta http-equiv="Content-Type" content="text/html;charset=utf-8" />
  <meta name='ocr-system' content='tesseract 3.04.00' />
  <meta name='ocr-capabilities' content='ocr_page ocr_carea ocr_par ocr_line ocrx_word'/>
</head>
<body>
  <div class='ocr_page' id='page_1' title='image "./deoratorelibrit00firmgoog_0218.png"; bbox 0 0 2526 4246; ppageno 0'>
   <div class='ocr_carea' id='block_1_1' title="bbox 191 146 1117 219">
    <p class='ocr_par' dir='ltr' id='par_1_1' title="bbox 191 146 1117 219">
     <span class='ocr_line' id='line_1_1' title="bbox 191 146 1117 219; baseline 0.002 -20"><span class='ocrx_word' id='word_1_1' title='bbox 191 160 236 200; x_wconf 80' lang='lat' dir='ltr'>nn</span> <span class='ocrx_word' id='word_1_2' title='bbox 253 157 399 203; x_wconf 67' lang='lat' dir='ltr'>onerose</span> <span class='ocrx_word' id='word_1_3' title='bbox 415 156 533 215; x_wconf 63' lang='lat' dir='ltr'>uma-11,</span> <span class='ocrx_word' id='word_1_4' title='bbox 552 159 622 205; x_wconf 70' lang='lat' dir='ltr'>one.</span> <span class='ocrx_word' id='word_1_5' title='bbox 641 159 826 219; x_wconf 55' lang='lat' dir='ltr'>nxnnnxiv,</span> <span class='ocrx_word' id='word_1_6' title='bbox 847 159 963 208; x_wconf 73' lang='lat' dir='ltr'>senens</span> <span class='ocrx_word' id='word_1_7' title='bbox 1065 146 1117 215; x_wconf 72' lang='lat'>213</span> 
     </span>
    </p>
   </div>
   <div class='ocr_carea' id='block_1_2' title="bbox 30 265 1190 551">
    <p class='ocr_par' dir='ltr' id='par_1_2' title="bbox 30 265 1190 551">
     <span class='ocr_line' id='line_1_2' title="bbox 30 265 1115 352; baseline 0 -21"><span class='ocrx_word' id='word_1_8' title='bbox 30 265 111 332; x_wconf 84' lang='lat' dir='ltr'>Nam</span> <span class='ocrx_word' id='word_1_9' title='bbox 134 265 295 332; x_wconf 78' lang='lat' dir='ltr'>in&#39;Caelio</span> <span class='ocrx_word' id='word_1_10' title='bbox 316 265 397 333; x_wconf 81' lang='lat' dir='ltr'>saue</span> <span class='ocrx_word' id='word_1_11' title='bbox 411 267 504 334; x_wconf 87' lang='lat' dir='ltr'>etiam</span> <span class='ocrx_word' id='word_1_12' title='bbox 525 268 719 349; x_wconf 75' lang='lat' dir='ltr'>ad&#39;causam·</span> <span class='ocrx_word' id='word_1_13' title='bbox 734 267 810 332; x_wconf 89' lang='lat' dir='ltr'>utils</span> <span class='ocrx_word' id='word_1_14' title='bbox 833 267 998 337; x_wconf 84' lang='lat' dir='ltr'>luittuum</span> <span class='ocrx_word' id='word_1_15' title='bbox 1026 266 1115 352; x_wconf 90' lang='lat' dir='ltr'>illud,</span> 
     </span>
     <span class='ocr_line' id='line_1_3' title="bbox 32 369 1190 456; baseline 0 -22"><span class='ocrx_word' id='word_1_16' title='bbox 32 369 159 446; x_wconf 75' lang='lat' dir='ltr'>Antoni,</span> <span class='ocrx_word' id='word_1_17' title='bbox 183 389 255 436; x_wconf 91' lang='lat' dir='ltr'>cum</span> <span class='ocrx_word' id='word_1_18' title='bbox 276 369 330 435; x_wconf 91' lang='lat' dir='ltr'>ille</span> <span class='ocrx_word' id='word_1_19' title='bbox 351 383 373 435; x_wconf 80' lang='lat' dir='ltr'>a</span> <span class='ocrx_word' id='word_1_20' title='bbox 390 390 423 435; x_wconf 91' lang='lat' dir='ltr'>se</span> <span class='ocrx_word' id='word_1_21' title='bbox 449 370 612 456; x_wconf 85' lang='lat' dir='ltr'>pecuniam</span> <span class='ocrx_word' id='word_1_22' title='bbox 637 369 944 456; x_wconf 48' lang='lat' dir='ltr'>prolectem1diceret</span> <span class='ocrx_word' id='word_1_23' title='bbox 976 369 1059 446; x_wconf 89' lang='lat' dir='ltr'>testis</span> <span class='ocrx_word' id='word_1_24' title='bbox 1086 380 1117 435; x_wconf 92' lang='lat' dir='ltr'>et</span> <span class='ocrx_word' id='word_1_25' title='bbox 1175 404 1190 424; x_wconf 71' lang='lat'>.›</span> 
     </span>
     <span class='ocr_line' id='line_1_4' title="bbox 32 470 899 551; baseline 0 -15"><span class='ocrx_word' id='word_1_26' title='bbox 32 471 167 541; x_wconf 82' lang='lat' dir='ltr'>liaberet</span> <span class='ocrx_word' id='word_1_27' title='bbox 191 470 290 537; x_wconf 85' lang='lat' dir='ltr'>filium</span> <span class='ocrx_word' id='word_1_28' title='bbox 306 471 530 551; x_wconf 77' lang='lat' dir='ltr'>delicatiorem,</span> <span class='ocrx_word' id='word_1_29' title='bbox 552 473 685 539; x_wconf 84' lang='lat' dir='ltr'>abeunte</span> <span class='ocrx_word' id='word_1_30' title='bbox 708 473 768 537; x_wconf 85' lang='lat' dir='ltr'>iam</span> <span class='ocrx_word' id='word_1_31' title='bbox 791 472 855 550; x_wconf 90' lang='lat' dir='ltr'>illo,</span> <span class='ocrx_word' id='word_1_32' title='bbox 896 494 899 501; x_wconf 92' lang='lat'>·</span> 
     </span>
    </p>
   </div>
   <div class='ocr_carea' id='block_1_3' title="bbox 167 647 923 734">
    <p class='ocr_par' dir='ltr' id='par_1_3' title="bbox 167 647 923 734">
     <span class='ocr_line' id='line_1_5' title="bbox 167 647 923 734; baseline 0 -22"><span class='ocrx_word' id='word_1_33' title='bbox 167 647 288 712; x_wconf 85' lang='lat' dir='ltr'>Sentin’</span> <span class='ocrx_word' id='word_1_34' title='bbox 310 669 412 713; x_wconf 82' lang='lat' dir='ltr'>senen</span> <span class='ocrx_word' id='word_1_35' title='bbox 434 671 494 725; x_wconf 83' lang='lat' dir='ltr'>esse</span> <span class='ocrx_word' id='word_1_36' title='bbox 516 660 631 714; x_wconf 78' lang='lat' dir='ltr'>tectnrn</span> <span class='ocrx_word' id='word_1_37' title='bbox 654 650 782 734; x_wconf 72' lang='lat' dir='ltr'>tn&#39;yinto</span> <span class='ocrx_word' id='word_1_38' title='bbox 804 648 923 713; x_wconf 77' lang='lat' dir='ltr'>minis?</span> 
     </span>
    </p>
   </div>
   <div class='ocr_carea' id='block_1_4' title="bbox 39 801 1195 2031">
    <p class='ocr_par' dir='ltr' id='par_1_4' title="bbox 39 801 1195 2031">
     <span class='ocr_line' id='line_1_6' title="bbox 39 801 1195 912; baseline -0.003 -31"><span class='ocrx_word' id='word_1_39' title='bbox 39 817 73 881; x_wconf 91' lang='lat' dir='ltr'>ln</span> <span class='ocrx_word' id='word_1_40' title='bbox 97 819 154 899; x_wconf 86' lang='lat' dir='ltr'>lioe</span> <span class='ocrx_word' id='word_1_41' title='bbox 168 839 272 906; x_wconf 20' lang='lat' dir='ltr'>,genus</span> <span class='ocrx_word' id='word_1_42' title='bbox 294 819 486 885; x_wconf 81' lang='lat' dir='ltr'>coniciuntur</span> <span class='ocrx_word' id='word_1_43' title='bbox 506 819 681 907; x_wconf 83' lang='lat' dir='ltr'>proverbia,</span> <span class='ocrx_word' id='word_1_44' title='bbox 704 826 738 907; x_wconf 87' lang='lat' dir='ltr'>u&#39;t</span> <span class='ocrx_word' id='word_1_45' title='bbox 762 819 838 885; x_wconf 90' lang='lat' dir='ltr'>illud</span> <span class='ocrx_word' id='word_1_46' title='bbox 861 818 1020 912; x_wconf 82' lang='lat' dir='ltr'>Scipionis,</span> <span class='ocrx_word' id='word_1_47' title='bbox 1047 801 1116 885; x_wconf 86' lang='lat' dir='ltr'>cum</span> <span class='ocrx_word' id='word_1_48' title='bbox 1141 823 1195 878; x_wconf 81' lang='lat'>258</span> 
     </span>
     <span class='ocr_line' id='line_1_7' title="bbox 40 921 1117 1015; baseline 0.001 -31"><span class='ocrx_word' id='word_1_49' title='bbox 40 921 158 986; x_wconf 80' lang='lat' dir='ltr'>nsellm</span> <span class='ocrx_word' id='word_1_50' title='bbox 179 941 288 987; x_wconf 90' lang='lat' dir='ltr'>omnes</span> <span class='ocrx_word' id='word_1_51' title='bbox 309 922 481 1007; x_wconf 83' lang='lat' dir='ltr'>provincias</span> <span class='ocrx_word' id='word_1_52' title='bbox 510 921 662 1009; x_wconf 84' lang='lat' dir='ltr'>stipendia</span> <span class='ocrx_word' id='word_1_53' title='bbox 685 933 856 988; x_wconf 86' lang='lat' dir='ltr'>merentem</span> <span class='ocrx_word' id='word_1_54' title='bbox 879 942 911 988; x_wconf 90' lang='lat' dir='ltr'>se</span> <span class='ocrx_word' id='word_1_55' title='bbox 939 941 1117 1015; x_wconf 66' lang='lat' dir='ltr'>peragrasse</span> 
     </span>
     <span class='ocr_line' id='line_1_8' title="bbox 39 1023 1118 1117; baseline 0.002 -31"><span class='ocrx_word' id='word_1_56' title='bbox 39 1023 241 1108; x_wconf 80' lang='lat' dir='ltr'>gloriaretur:</span> <span class='ocrx_word' id='word_1_57' title='bbox 265 1024 352 1110; x_wconf 80' lang='lat' dir='ltr'>rigas</span> <span class='ocrx_word' id='word_1_58' title='bbox 374 1026 540 1102; x_wconf 85' lang='lat' dir='ltr'>asellum,</span> <span class='ocrx_word' id='word_1_59' title='bbox 564 1034 594 1090; x_wconf 90' lang='lat' dir='ltr'>et</span> <span class='ocrx_word' id='word_1_60' title='bbox 609 1036 718 1113; x_wconf 83' lang='lat' dir='ltr'>cetera.</span> <span class='ocrx_word' id='word_1_61' title='bbox 735 1023 836 1107; x_wconf 84' lang='lat' dir='ltr'>Quare</span> <span class='ocrx_word' id='word_1_62' title='bbox 846 1045 881 1090; x_wconf 84' lang='lat' dir='ltr'>ea</span> <span class='ocrx_word' id='word_1_63' title='bbox 898 1044 1029 1117; x_wconf 86' lang='lat' dir='ltr'>quoque,</span> <span class='ocrx_word' id='word_1_64' title='bbox 1045 1039 1118 1109; x_wconf 87' lang='lat' dir='ltr'>quo-</span> 
     </span>
     <span class='ocr_line' id='line_1_9' title="bbox 44 1122 1115 1213; baseline 0.002 -25"><span class='ocrx_word' id='word_1_65' title='bbox 44 1125 127 1190; x_wconf 86' lang='lat' dir='ltr'>niam</span> <span class='ocrx_word' id='word_1_66' title='bbox 141 1122 266 1192; x_wconf 81' lang='lat' dir='ltr'>mutatis</span> <span class='ocrx_word' id='word_1_67' title='bbox 281 1126 383 1192; x_wconf 91' lang='lat' dir='ltr'>verbis</span> <span class='ocrx_word' id='word_1_68' title='bbox 399 1147 461 1192; x_wconf 93' lang='lat' dir='ltr'>non</span> <span class='ocrx_word' id='word_1_69' title='bbox 475 1136 604 1213; x_wconf 82' lang='lat' dir='ltr'>possunt</span> <span class='ocrx_word' id='word_1_70' title='bbox 619 1127 752 1192; x_wconf 90' lang='lat' dir='ltr'>retinere</span> <span class='ocrx_word' id='word_1_71' title='bbox 767 1126 897 1192; x_wconf 86' lang='lat' dir='ltr'>eandem</span> <span class='ocrx_word' id='word_1_72' title='bbox 912 1124 1115 1204; x_wconf 78' lang='lat' dir='ltr'>venustatem,</span> 
     </span>
     <span class='ocr_line' id='line_1_10' title="bbox 45 1227 1195 1315; baseline 0.003 -25"><span class='ocrx_word' id='word_1_73' title='bbox 45 1247 104 1292; x_wconf 91' lang='lat' dir='ltr'>non</span> <span class='ocrx_word' id='word_1_74' title='bbox 116 1228 160 1310; x_wconf 29' lang='lat' dir='ltr'>,in</span> <span class='ocrx_word' id='word_1_75' title='bbox 184 1249 226 1304; x_wconf 88' lang='lat' dir='ltr'>re,</span> <span class='ocrx_word' id='word_1_76' title='bbox 243 1229 296 1295; x_wconf 88' lang='lat' dir='ltr'>sed</span> <span class='ocrx_word' id='word_1_77' title='bbox 311 1229 343 1293; x_wconf 96' lang='lat' dir='ltr'>in</span> <span class='ocrx_word' id='word_1_78' title='bbox 359 1229 462 1295; x_wconf 90' lang='lat' dir='ltr'>verbis</span> <span class='ocrx_word' id='word_1_79' title='bbox 475 1230 573 1315; x_wconf 81' lang='lat' dir='ltr'>posita</span> <span class='ocrx_word' id='word_1_80' title='bbox 592 1228 751 1295; x_wconf 84' lang='lat' dir='ltr'>ducantur.</span> <span class='ocrx_word' id='word_1_81' title='bbox 797 1229 846 1293; x_wconf 85' lang='lat' dir='ltr'>Est</span> <span class='ocrx_word' id='word_1_82' title='bbox 864 1230 956 1294; x_wconf 85' lang='lat' dir='ltr'>etiam</span> <span class='ocrx_word' id='word_1_83' title='bbox 973 1230 1005 1294; x_wconf 89' lang='lat' dir='ltr'>in</span> <span class='ocrx_word' id='word_1_84' title='bbox 1020 1227 1116 1294; x_wconf 86' lang='lat' dir='ltr'>verbo</span> <span class='ocrx_word' id='word_1_85' title='bbox 1142 1250 1195 1303; x_wconf 78' lang='lat'>259</span> 
     </span>
     <span class='ocr_line' id='line_1_11' title="bbox 46 1331 1116 1425; baseline 0 -31"><span class='ocrx_word' id='word_1_86' title='bbox 46 1331 173 1413; x_wconf 89' lang='lat' dir='ltr'>positum</span> <span class='ocrx_word' id='word_1_87' title='bbox 197 1351 259 1396; x_wconf 94' lang='lat' dir='ltr'>non</span> <span class='ocrx_word' id='word_1_88' title='bbox 282 1331 434 1398; x_wconf 90' lang='lat' dir='ltr'>insulsum</span> <span class='ocrx_word' id='word_1_89' title='bbox 454 1353 551 1417; x_wconf 78' lang='lat' dir='ltr'>genus</span> <span class='ocrx_word' id='word_1_90' title='bbox 566 1353 604 1398; x_wconf 86' lang='lat' dir='ltr'>ex</span> <span class='ocrx_word' id='word_1_91' title='bbox 619 1352 665 1408; x_wconf 92' lang='lat' dir='ltr'>eo,</span> <span class='ocrx_word' id='word_1_92' title='bbox 688 1352 757 1398; x_wconf 93' lang='lat' dir='ltr'>cum</span> <span class='ocrx_word' id='word_1_93' title='bbox 780 1331 818 1396; x_wconf 85' lang='lat' dir='ltr'>ed</span> <span class='ocrx_word' id='word_1_94' title='bbox 840 1332 981 1409; x_wconf 84' lang='lat' dir='ltr'>verlmm,</span> <span class='ocrx_word' id='word_1_95' title='bbox 999 1331 1116 1425; x_wconf 75' lang='lat' dir='ltr'>nonod</span> 
     </span>
     <span class='ocr_line' id='line_1_12' title="bbox 47 1420 1116 1520; baseline 0.002 -26"><span class='ocrx_word' id='word_1_96' title='bbox 47 1434 224 1499; x_wconf 85' lang='lat' dir='ltr'>sententiam</span> <span class='ocrx_word' id='word_1_97' title='bbox 248 1454 313 1499; x_wconf 88' lang='lat' dir='ltr'>rem</span> <span class='ocrx_word' id='word_1_98' title='bbox 335 1435 470 1520; x_wconf 84' lang='lat' dir='ltr'>accipere</span> <span class='ocrx_word' id='word_1_99' title='bbox 494 1434 617 1501; x_wconf 87' lang='lat' dir='ltr'>videare</span> <span class='ocrx_word' id='word_1_100' title='bbox 625 1459 633 1514; x_wconf 95' lang='lat'>;</span> <span class='ocrx_word' id='word_1_101' title='bbox 663 1455 701 1500; x_wconf 84' lang='lat' dir='ltr'>ex</span> <span class='ocrx_word' id='word_1_102' title='bbox 728 1455 788 1520; x_wconf 90' lang='lat' dir='ltr'>quo</span> <span class='ocrx_word' id='word_1_103' title='bbox 811 1455 873 1500; x_wconf 94' lang='lat' dir='ltr'>uno</span> <span class='ocrx_word' id='word_1_104' title='bbox 896 1454 1008 1520; x_wconf 84' lang='lat' dir='ltr'>genere</span> <span class='ocrx_word' id='word_1_105' title='bbox 1036 1420 1116 1498; x_wconf 87' lang='lat' dir='ltr'>totus</span> 
     </span>
     <span class='ocr_line' id='line_1_13' title="bbox 49 1535 1192 1624; baseline 0 -26"><span class='ocrx_word' id='word_1_106' title='bbox 49 1544 90 1598; x_wconf 87' lang='lat' dir='ltr'>est</span> <span class='ocrx_word' id='word_1_107' title='bbox 110 1535 210 1613; x_wconf 84' lang='lat' dir='ltr'>Tutor,</span> <span class='ocrx_word' id='word_1_108' title='bbox 233 1536 347 1602; x_wconf 91' lang='lat' dir='ltr'>mimus</span> <span class='ocrx_word' id='word_1_109' title='bbox 368 1547 464 1614; x_wconf 90' lang='lat' dir='ltr'>vetus,</span> <span class='ocrx_word' id='word_1_110' title='bbox 481 1537 593 1624; x_wconf 90' lang='lat' dir='ltr'>oppido</span> <span class='ocrx_word' id='word_1_111' title='bbox 609 1537 763 1603; x_wconf 88' lang='lat' dir='ltr'>ridiculus.</span> <span class='ocrx_word' id='word_1_112' title='bbox 788 1536 847 1602; x_wconf 83' lang='lat' dir='ltr'>S&#39;ed</span> <span class='ocrx_word' id='word_1_113' title='bbox 870 1536 945 1602; x_wconf 83' lang='lat' dir='ltr'>abeo</span> <span class='ocrx_word' id='word_1_114' title='bbox 962 1557 979 1600; x_wconf 88' lang='lat' dir='ltr'>a</span> <span class='ocrx_word' id='word_1_115' title='bbox 994 1535 1114 1613; x_wconf 93' lang='lat' dir='ltr'>mimis;</span> <span class='ocrx_word' id='word_1_116' title='bbox 1170 1562 1192 1587; x_wconf 67' lang='lat'>.·</span> 
     </span>
     <span class='ocr_line' id='line_1_14' title="bbox 51 1628 1116 1726; baseline -0.001 -26"><span class='ocrx_word' id='word_1_117' title='bbox 51 1628 164 1702; x_wconf 83' lang='lat' dir='ltr'>tantum-</span> <span class='ocrx_word' id='word_1_118' title='bbox 183 1658 279 1723; x_wconf 85' lang='lat' dir='ltr'>genus</span> <span class='ocrx_word' id='word_1_119' title='bbox 302 1639 393 1704; x_wconf 85' lang='lat' dir='ltr'>liuius</span> <span class='ocrx_word' id='word_1_120' title='bbox 416 1638 535 1706; x_wconf 79' lang='lat' dir='ltr'>ridiculi</span> <span class='ocrx_word' id='word_1_121' title='bbox 559 1637 671 1726; x_wconf 85' lang='lat' dir='ltr'>insigni</span> <span class='ocrx_word' id='word_1_122' title='bbox 694 1640 795 1724; x_wconf 78' lang='lat' dir='ltr'>alique</span> <span class='ocrx_word' id='word_1_123' title='bbox 818 1649 849 1704; x_wconf 89' lang='lat' dir='ltr'>et</span> <span class='ocrx_word' id='word_1_124' title='bbox 871 1649 942 1704; x_wconf 83' lang='lat' dir='ltr'>nota</span> <span class='ocrx_word' id='word_1_125' title='bbox 966 1636 1116 1703; x_wconf 85' lang='lat' dir='ltr'>renotari</span> 
     </span>
     <span class='ocr_line' id='line_1_15' title="bbox 55 1738 1116 1829; baseline 0.003 -30"><span class='ocrx_word' id='word_1_126' title='bbox 55 1739 123 1803; x_wconf 82' lang='lat' dir='ltr'>solo.</span> <span class='ocrx_word' id='word_1_127' title='bbox 145 1739 193 1804; x_wconf 85' lang='lat' dir='ltr'>Est</span> <span class='ocrx_word' id='word_1_128' title='bbox 215 1751 317 1806; x_wconf 83' lang='lat' dir='ltr'>autem</span> <span class='ocrx_word' id='word_1_129' title='bbox 340 1761 378 1806; x_wconf 84' lang='lat' dir='ltr'>ex</span> <span class='ocrx_word' id='word_1_130' title='bbox 401 1740 457 1807; x_wconf 90' lang='lat' dir='ltr'>hoc</span> <span class='ocrx_word' id='word_1_131' title='bbox 478 1738 693 1829; x_wconf 65' lang='lat' dir='ltr'>genero‘illud,</span> <span class='ocrx_word' id='word_1_132' title='bbox 717 1741 799 1826; x_wconf 88' lang='lat' dir='ltr'>quod</span> <span class='ocrx_word' id='word_1_133' title='bbox 821 1750 863 1818; x_wconf 92' lang='lat' dir='ltr'>tu,</span> <span class='ocrx_word' id='word_1_134' title='bbox 883 1740 999 1818; x_wconf 78' lang='lat' dir='ltr'>Crasse,</span> <span class='ocrx_word' id='word_1_135' title='bbox 1016 1743 1116 1826; x_wconf 83' lang='lat' dir='ltr'>nuper</span> 
     </span>
     <span class='ocr_line' id='line_1_16' title="bbox 55 1837 1116 1933; baseline 0.008 -33"><span class='ocrx_word' id='word_1_136' title='bbox 55 1837 89 1914; x_wconf 93' lang='lat' dir='ltr'>ei,</span> <span class='ocrx_word' id='word_1_137' title='bbox 108 1842 156 1925; x_wconf 90' lang='lat' dir='ltr'>qui</span> <span class='ocrx_word' id='word_1_138' title='bbox 178 1852 207 1908; x_wconf 92' lang='lat' dir='ltr'>te</span> <span class='ocrx_word' id='word_1_139' title='bbox 230 1853 372 1933; x_wconf 72' lang='lat' dir='ltr'>rogasset,</span> <span class='ocrx_word' id='word_1_140' title='bbox 393 1863 468 1909; x_wconf 94' lang='lat' dir='ltr'>num</span> <span class='ocrx_word' id='word_1_141' title='bbox 488 1839 545 1907; x_wconf 91' lang='lat' dir='ltr'>tibi</span> <span class='ocrx_word' id='word_1_142' title='bbox 569 1845 714 1909; x_wconf 90' lang='lat' dir='ltr'>molestus</span> <span class='ocrx_word' id='word_1_143' title='bbox 736 1844 814 1908; x_wconf 88' lang='lat' dir='ltr'>esset</span> <span class='ocrx_word' id='word_1_144' title='bbox 837 1843 966 1921; x_wconf 84' lang='lat' dir='ltr'>iuturus,</span> <span class='ocrx_word' id='word_1_145' title='bbox 991 1843 1015 1907; x_wconf 94' lang='lat' dir='ltr'>si</span> <span class='ocrx_word' id='word_1_146' title='bbox 1031 1842 1069 1906; x_wconf 83' lang='lat' dir='ltr'>ed</span> <span class='ocrx_word' id='word_1_147' title='bbox 1085 1848 1116 1909; x_wconf 88' lang='lat' dir='ltr'>t&#39;e</span> 
     </span>
     <span class='ocr_line' id='line_1_17' title="bbox 60 1937 1114 2031; baseline 0.007 -27"><span class='ocrx_word' id='word_1_148' title='bbox 60 1938 124 2007; x_wconf 84' lang='lat' dir='ltr'>bene</span> <span class='ocrx_word' id='word_1_149' title='bbox 144 1937 212 2010; x_wconf 86' lang='lat' dir='ltr'>ante</span> <span class='ocrx_word' id='word_1_150' title='bbox 236 1946 334 2011; x_wconf 91' lang='lat' dir='ltr'>lucem</span> <span class='ocrx_word' id='word_1_151' title='bbox 356 1940 505 2011; x_wconf 89' lang='lat' dir='ltr'>venisset:</span> <span class='ocrx_word' id='word_1_152' title='bbox 536 1945 609 2012; x_wconf 80' lang='lat' dir='ltr'>«Tu</span> <span class='ocrx_word' id='word_1_153' title='bbox 624 1966 707 2024; x_wconf 88' lang='lat' dir='ltr'>vero,</span> <span class='ocrx_word' id='word_1_154' title='bbox 731 1946 867 2031; x_wconf 87' lang='lat' dir='ltr'>inquisti,</span> <span class='ocrx_word' id='word_1_155' title='bbox 891 1948 1037 2012; x_wconf 90' lang='lat' dir='ltr'>molestus</span> <span class='ocrx_word' id='word_1_156' title='bbox 1052 1946 1114 2011; x_wconf 88' lang='lat' dir='ltr'>non</span> 
     </span>
    </p>
   </div>
   <div class='ocr_carea' id='block_1_5' title="bbox 64 2082 349 2098">
    <p class='ocr_par' dir='ltr' id='par_1_5' title="bbox 64 2082 349 2098">
     <span class='ocr_line' id='line_1_18' title="bbox 64 2082 349 2098; baseline 0 0"><span class='ocrx_word' id='word_1_157' title='bbox 64 2082 283 2098; x_wconf 37' lang='lat' dir='ltr'>b———0—-—--</span> <span class='ocrx_word' id='word_1_158' title='bbox 292 2093 349 2098; x_wconf 78' lang='lat'>—-</span> 
     </span>
    </p>
   </div>
   <div class='ocr_carea' id='block_1_6' title="bbox 21 2136 1187 3197">
    <p class='ocr_par' dir='ltr' id='par_1_6' title="bbox 63 2136 1187 2767">
     <span class='ocr_line' id='line_1_19' title="bbox 64 2136 1187 2202; baseline 0.002 -17"><span class='ocrx_word' id='word_1_159' title='bbox 64 2136 119 2192; x_wconf 67' lang='lat' dir='ltr'>lesse</span> <span class='ocrx_word' id='word_1_160' title='bbox 132 2141 234 2188; x_wconf 79' lang='lat' dir='ltr'>Licinia</span> <span class='ocrx_word' id='word_1_161' title='bbox 248 2143 339 2188; x_wconf 79' lang='lat' dir='ltr'>Mucia</span> <span class='ocrx_word' id='word_1_162' title='bbox 353 2143 383 2187; x_wconf 87' lang='lat' dir='ltr'>de</span> <span class='ocrx_word' id='word_1_163' title='bbox 397 2144 494 2188; x_wconf 81' lang='lat' dir='ltr'>ciuibus</span> <span class='ocrx_word' id='word_1_164' title='bbox 513 2143 676 2198; x_wconf 62' lang='lat' dir='ltr'>redienndis,</span> <span class='ocrx_word' id='word_1_165' title='bbox 690 2147 810 2197; x_wconf 85' lang='lat' dir='ltr'>proposto</span> <span class='ocrx_word' id='word_1_166' title='bbox 830 2143 870 2188; x_wconf 84' lang='lat' dir='ltr'>dui</span> <span class='ocrx_word' id='word_1_167' title='bbox 886 2143 979 2187; x_wconf 91' lang='lat' dir='ltr'>consoli</span> <span class='ocrx_word' id='word_1_168' title='bbox 994 2144 1083 2187; x_wconf 82' lang='lat' dir='ltr'>Crasso</span> <span class='ocrx_word' id='word_1_169' title='bbox 1101 2157 1114 2186; x_wconf 92' lang='lat' dir='ltr'>e</span> <span class='ocrx_word' id='word_1_170' title='bbox 1183 2196 1187 2202; x_wconf 28' lang='grc' dir='ltr'>ι</span> 
     </span>
     <span class='ocr_line' id='line_1_20' title="bbox 63 2205 1114 2268; baseline 0.003 -16"><span class='ocrx_word' id='word_1_171' title='bbox 63 2205 152 2266; x_wconf 76' lang='lat' dir='ltr'>Scesolo,</span> <span class='ocrx_word' id='word_1_172' title='bbox 166 2213 209 2258; x_wconf 89' lang='lat' dir='ltr'>che</span> <span class='ocrx_word' id='word_1_173' title='bbox 225 2214 356 2268; x_wconf 82' lang='lat' dir='ltr'>imponevo</span> <span class='ocrx_word' id='word_1_174' title='bbox 366 2212 390 2257; x_wconf 92' lang='lat' dir='ltr'>di</span> <span class='ocrx_word' id='word_1_175' title='bbox 404 2213 443 2257; x_wconf 82' lang='lat' dir='ltr'>fei·</span> <span class='ocrx_word' id='word_1_176' title='bbox 458 2212 620 2267; x_wconf 87' lang='lat' dir='ltr'>inquisizione</span> <span class='ocrx_word' id='word_1_177' title='bbox 636 2226 664 2257; x_wconf 92' lang='lat' dir='ltr'>su</span> <span class='ocrx_word' id='word_1_178' title='bbox 679 2212 737 2266; x_wconf 89' lang='lat' dir='ltr'>quei</span> <span class='ocrx_word' id='word_1_179' title='bbox 752 2212 796 2257; x_wconf 89' lang='lat' dir='ltr'>ohe</span> <span class='ocrx_word' id='word_1_180' title='bbox 812 2226 870 2257; x_wconf 83' lang='lat' dir='ltr'>eren</span> <span class='ocrx_word' id='word_1_181' title='bbox 886 2212 1034 2256; x_wconf 74' lang='lat' dir='ltr'>considerati</span> <span class='ocrx_word' id='word_1_182' title='bbox 1045 2225 1114 2257; x_wconf 90' lang='lat' dir='ltr'>come</span> 
     </span>
     <span class='ocr_line' id='line_1_21' title="bbox 64 2276 1115 2338; baseline 0.003 -15"><span class='ocrx_word' id='word_1_183' title='bbox 64 2276 161 2338; x_wconf 77' lang='lat' dir='ltr'>tittsdini,</span> <span class='ocrx_word' id='word_1_184' title='bbox 169 2298 216 2338; x_wconf 86' lang='lat' dir='ltr'>pur</span> <span class='ocrx_word' id='word_1_185' title='bbox 230 2298 278 2329; x_wconf 94' lang='lat' dir='ltr'>non</span> <span class='ocrx_word' id='word_1_186' title='bbox 289 2283 393 2329; x_wconf 87' lang='lat' dir='ltr'>essendo</span> <span class='ocrx_word' id='word_1_187' title='bbox 408 2284 459 2329; x_wconf 84' lang='lat' dir='ltr'>teli.</span> <span class='ocrx_word' id='word_1_188' title='bbox 472 2308 498 2315; x_wconf 94' lang='lat'>—</span> <span class='ocrx_word' id='word_1_189' title='bbox 512 2283 533 2328; x_wconf 78' lang='lat' dir='ltr'><strong><em>S</em></strong></span> <span class='ocrx_word' id='word_1_190' title='bbox 538 2288 559 2337; x_wconf 88' lang='lat' dir='ltr'>t,</span> <span class='ocrx_word' id='word_1_191' title='bbox 580 2288 724 2330; x_wconf 84' lang='lat' dir='ltr'>tacete...</span> <span class='ocrx_word' id='word_1_192' title='bbox 739 2297 798 2329; x_wconf 90' lang='lat' dir='ltr'>sono</span> <span class='ocrx_word' id='word_1_193' title='bbox 810 2284 856 2327; x_wconf 91' lang='lat' dir='ltr'>duo</span> <span class='ocrx_word' id='word_1_194' title='bbox 868 2283 995 2328; x_wconf 84' lang='lat' dir='ltr'>settenurii</span> <span class='ocrx_word' id='word_1_195' title='bbox 1012 2281 1115 2327; x_wconf 84' lang='lat' dir='ltr'>trocaici</span> 
     </span>
     <span class='ocr_line' id='line_1_22' title="bbox 63 2347 1115 2407; baseline 0.009 -19"><span class='ocrx_word' id='word_1_196' title='bbox 63 2347 106 2394; x_wconf 82' lang='lat' dir='ltr'>tolli</span> <span class='ocrx_word' id='word_1_197' title='bbox 116 2353 144 2398; x_wconf 82' lang='lat' dir='ltr'>ds</span> <span class='ocrx_word' id='word_1_198' title='bbox 156 2368 204 2400; x_wconf 84' lang='lat' dir='ltr'>uns</span> <span class='ocrx_word' id='word_1_199' title='bbox 218 2355 355 2400; x_wconf 74' lang='lat' dir='ltr'>commedio</span> <span class='ocrx_word' id='word_1_200' title='bbox 369 2354 393 2399; x_wconf 91' lang='lat' dir='ltr'>di</span> <span class='ocrx_word' id='word_1_201' title='bbox 408 2355 490 2400; x_wconf 81' lang='lat' dir='ltr'>Stazio</span> <span class='ocrx_word' id='word_1_202' title='bbox 505 2352 604 2399; x_wconf 81' lang='lat' dir='ltr'>Oe&#39;cilio.</span> <span class='ocrx_word' id='word_1_203' title='bbox 619 2355 629 2398; x_wconf 93' lang='grc' dir='ltr'>Ι</span> <span class='ocrx_word' id='word_1_204' title='bbox 644 2354 709 2399; x_wconf 85' lang='lat' dir='ltr'>versi</span> <span class='ocrx_word' id='word_1_205' title='bbox 724 2367 784 2399; x_wconf 83' lang='lat' dir='ltr'>eron</span> <span class='ocrx_word' id='word_1_206' title='bbox 798 2353 954 2407; x_wconf 84' lang='lat' dir='ltr'>pronunzisti</span> <span class='ocrx_word' id='word_1_207' title='bbox 968 2353 1000 2397; x_wconf 86' lang='lat' dir='ltr'>du</span> <span class='ocrx_word' id='word_1_208' title='bbox 1015 2353 1115 2406; x_wconf 79' lang='lat' dir='ltr'>Scauro,</span> 
     </span>
     <span class='ocr_line' id='line_1_23' title="bbox 64 2419 1116 2478; baseline 0.001 -12"><span class='ocrx_word' id='word_1_209' title='bbox 64 2419 94 2463; x_wconf 74' lang='lat' dir='ltr'>tui</span> <span class='ocrx_word' id='word_1_210' title='bbox 108 2426 163 2470; x_wconf 86' lang='lat' dir='ltr'>s&#39;ere</span> <span class='ocrx_word' id='word_1_211' title='bbox 182 2440 264 2471; x_wconf 82' lang='lat' dir='ltr'>mosss</span> <span class='ocrx_word' id='word_1_212' title='bbox 279 2426 367 2471; x_wconf 79' lang='lat' dir='ltr'>labile</span> <span class='ocrx_word' id='word_1_213' title='bbox 382 2427 587 2477; x_wconf 76' lang='lat' dir='ltr'>(stomachante),</span> <span class='ocrx_word' id='word_1_214' title='bbox 596 2425 687 2478; x_wconf 74' lang='lat' dir='ltr'>perone</span> <span class='ocrx_word' id='word_1_215' title='bbox 702 2425 872 2477; x_wconf 80' lang='lat' dir='ltr'>un&#39;adununzo</span> <span class='ocrx_word' id='word_1_216' title='bbox 886 2424 961 2478; x_wconf 81' lang='lat' dir='ltr'>piens</span> <span class='ocrx_word' id='word_1_217' title='bbox 977 2423 1000 2467; x_wconf 91' lang='lat' dir='ltr'>di</span> <span class='ocrx_word' id='word_1_218' title='bbox 1016 2423 1116 2478; x_wconf 85' lang='lat' dir='ltr'>provin·</span> 
     </span>
     <span class='ocr_line' id='line_1_24' title="bbox 65 2485 1116 2559; baseline 0.008 -28"><span class='ocrx_word' id='word_1_219' title='bbox 65 2485 117 2559; x_wconf 66' lang='lat' dir='ltr'>ticli,</span> <span class='ocrx_word' id='word_1_220' title='bbox 125 2507 168 2540; x_wconf 88' lang='lat' dir='ltr'>non</span> <span class='ocrx_word' id='word_1_221' title='bbox 178 2495 261 2541; x_wconf 83' lang='lat' dir='ltr'>forniti</span> <span class='ocrx_word' id='word_1_222' title='bbox 276 2497 315 2540; x_wconf 89' lang='lat' dir='ltr'>del</span> <span class='ocrx_word' id='word_1_223' title='bbox 327 2495 409 2540; x_wconf 86' lang='lat' dir='ltr'>diritto</span> <span class='ocrx_word' id='word_1_224' title='bbox 425 2495 449 2540; x_wconf 91' lang='lat' dir='ltr'>di</span> <span class='ocrx_word' id='word_1_225' title='bbox 464 2494 577 2540; x_wconf 82' lang='lat' dir='ltr'>eittadini</span> <span class='ocrx_word' id='word_1_226' title='bbox 592 2495 697 2540; x_wconf 83' lang='lat' dir='ltr'>Romani</span> <span class='ocrx_word' id='word_1_227' title='bbox 711 2495 807 2550; x_wconf 78' lang='lat' dir='ltr'>(qnibn&#39;</span> <span class='ocrx_word' id='word_1_228' title='bbox 817 2507 862 2539; x_wconf 88' lang='lat' dir='ltr'>nec</span> <span class='ocrx_word' id='word_1_229' title='bbox 872 2498 958 2539; x_wconf 83' lang='lat' dir='ltr'>mater</span> <span class='ocrx_word' id='word_1_230' title='bbox 967 2507 1013 2539; x_wconf 89' lang='lat' dir='ltr'>nec</span> <span class='ocrx_word' id='word_1_231' title='bbox 1019 2497 1116 2549; x_wconf 79' lang='lat' dir='ltr'>pater),</span> 
     </span>
     <span class='ocr_line' id='line_1_25' title="bbox 64 2553 1116 2622; baseline 0.007 -20"><span class='ocrx_word' id='word_1_232' title='bbox 64 2553 184 2611; x_wconf 61' lang='lat' dir='ltr'>iecere&#39;uu</span> <span class='ocrx_word' id='word_1_233' title='bbox 203 2581 264 2620; x_wconf 78' lang='lat' dir='ltr'>gron</span> <span class='ocrx_word' id='word_1_234' title='bbox 284 2566 389 2612; x_wconf 82' lang='lat' dir='ltr'>chiosso.</span> <span class='ocrx_word' id='word_1_235' title='bbox 406 2591 433 2598; x_wconf 97' lang='lat'><em>-</em></span> <span class='ocrx_word' id='word_1_236' title='bbox 452 2566 563 2622; x_wconf 77' lang='lat' dir='ltr'>qnibu’</span> <span class='ocrx_word' id='word_1_237' title='bbox 577 2584 604 2602; x_wconf 88' lang='lat'>==</span> <span class='ocrx_word' id='word_1_238' title='bbox 623 2567 724 2621; x_wconf 80' lang='lat' dir='ltr'>qnibns,</span> <span class='ocrx_word' id='word_1_239' title='bbox 743 2570 855 2610; x_wconf 82' lang='lat' dir='ltr'>tronoetn</span> <span class='ocrx_word' id='word_1_240' title='bbox 870 2565 899 2610; x_wconf 78' lang='lat' dir='ltr'>l&#39;s</span> <span class='ocrx_word' id='word_1_241' title='bbox 914 2579 959 2619; x_wconf 87' lang='lat' dir='ltr'>por</span> <span class='ocrx_word' id='word_1_242' title='bbox 973 2565 1060 2618; x_wconf 75' lang='lat' dir='ltr'>region</span> <span class='ocrx_word' id='word_1_243' title='bbox 1075 2564 1116 2610; x_wconf 88' lang='lat' dir='ltr'>del</span> 
     </span>
     <span class='ocr_line' id='line_1_26' title="bbox 64 2628 1116 2685; baseline 0 -3"><span class='ocrx_word' id='word_1_244' title='bbox 64 2630 156 2677; x_wconf 60' lang='lat' dir='ltr'>lilto-</span> <span class='ocrx_word' id='word_1_245' title='bbox 168 2638 201 2682; x_wconf 81' lang='lat' dir='ltr'>in</span> <span class='ocrx_word' id='word_1_246' title='bbox 217 2628 336 2682; x_wconf 65' lang='lat' dir='ltr'>Oo&#39;elio.</span> <span class='ocrx_word' id='word_1_247' title='bbox 351 2637 382 2683; x_wconf 80' lang='grc' dir='ltr'>Μ.</span> <span class='ocrx_word' id='word_1_248' title='bbox 396 2637 506 2682; x_wconf 89' lang='lat' dir='ltr'>Duronio</span> <span class='ocrx_word' id='word_1_249' title='bbox 521 2649 599 2681; x_wconf 79' lang='lat' dir='ltr'>svers</span> <span class='ocrx_word' id='word_1_250' title='bbox 618 2641 734 2681; x_wconf 82' lang='lat' dir='ltr'>sccussto</span> <span class='ocrx_word' id='word_1_251' title='bbox 750 2636 856 2681; x_wconf 75' lang='lat' dir='ltr'>Antonio</span> <span class='ocrx_word' id='word_1_252' title='bbox 871 2637 902 2680; x_wconf 88' lang='lat' dir='ltr'>de</span> <span class='ocrx_word' id='word_1_253' title='bbox 916 2637 1024 2681; x_wconf 76' lang='lat' dir='ltr'>antiitn.</span> <span class='ocrx_word' id='word_1_254' title='bbox 1038 2635 1116 2685; x_wconf 83' lang='lat' dir='ltr'>celio.</span> 
     </span>
     <span class='ocr_line' id='line_1_27' title="bbox 65 2704 1114 2767; baseline 0.011 -27"><span class='ocrx_word' id='word_1_255' title='bbox 65 2708 102 2745; x_wconf 90' lang='lat' dir='ltr'>uno</span> <span class='ocrx_word' id='word_1_256' title='bbox 113 2704 145 2767; x_wconf 80' lang='lat' dir='ltr'>de&#39;</span> <span class='ocrx_word' id='word_1_257' title='bbox 154 2709 216 2764; x_wconf 91' lang='lat' dir='ltr'>testi,</span> <span class='ocrx_word' id='word_1_258' title='bbox 223 2709 289 2754; x_wconf 89' lang='lat' dir='ltr'>disse</span> <span class='ocrx_word' id='word_1_259' title='bbox 303 2709 391 2763; x_wconf 76' lang='lat' dir='ltr'>ch’egli</span> <span class='ocrx_word' id='word_1_260' title='bbox 406 2713 485 2754; x_wconf 85' lang='lat' dir='ltr'>stesso</span> <span class='ocrx_word' id='word_1_261' title='bbox 500 2722 578 2752; x_wconf 85' lang='lat' dir='ltr'>uveva</span> <span class='ocrx_word' id='word_1_262' title='bbox 592 2708 706 2753; x_wconf 82' lang='lat' dir='ltr'>sborsotn</span> <span class='ocrx_word' id='word_1_263' title='bbox 719 2722 769 2752; x_wconf 85' lang='lat' dir='ltr'>una</span> <span class='ocrx_word' id='word_1_264' title='bbox 784 2721 884 2761; x_wconf 82' lang='lat' dir='ltr'>sommo,</span> <span class='ocrx_word' id='word_1_265' title='bbox 898 2722 943 2761; x_wconf 87' lang='lat' dir='ltr'>per</span> <span class='ocrx_word' id='word_1_266' title='bbox 957 2721 1114 2763; x_wconf 87' lang='lat' dir='ltr'>corrompere</span> 
     </span>
    </p>

    <p class='ocr_par' dir='ltr' id='par_1_7' title="bbox 23 2764 1114 2905">
     <span class='ocr_line' id='line_1_28' title="bbox 23 2764 1114 2833; baseline 0.005 -15"><span class='ocrx_word' id='word_1_267' title='bbox 23 2772 26 2777; x_wconf 87' lang='lat'>&#39;</span> <span class='ocrx_word' id='word_1_268' title='bbox 64 2764 159 2833; x_wconf 70' lang='lat' dir='ltr'>iuiudioi</span> <span class='ocrx_word' id='word_1_269' title='bbox 172 2793 187 2823; x_wconf 87' lang='lat' dir='ltr'><strong>a</strong></span> <span class='ocrx_word' id='word_1_270' title='bbox 206 2779 342 2833; x_wconf 70' lang='lat' dir='ltr'>vontaggio</span> <span class='ocrx_word' id='word_1_271' title='bbox 357 2779 381 2824; x_wconf 90' lang='lat' dir='ltr'>di</span> <span class='ocrx_word' id='word_1_272' title='bbox 395 2779 510 2824; x_wconf 78' lang='lat' dir='ltr'>Antonio.</span> <span class='ocrx_word' id='word_1_273' title='bbox 524 2779 618 2833; x_wconf 89' lang='lat' dir='ltr'>Questi,</span> <span class='ocrx_word' id='word_1_274' title='bbox 631 2791 676 2832; x_wconf 86' lang='lat' dir='ltr'>per</span> <span class='ocrx_word' id='word_1_275' title='bbox 696 2792 802 2832; x_wconf 80' lang='lat' dir='ltr'>provere</span> <span class='ocrx_word' id='word_1_276' title='bbox 822 2778 867 2823; x_wconf 87' lang='lat' dir='ltr'>che</span> <span class='ocrx_word' id='word_1_277' title='bbox 889 2779 947 2832; x_wconf 86' lang='lat' dir='ltr'>quel</span> <span class='ocrx_word' id='word_1_278' title='bbox 963 2778 1054 2824; x_wconf 85' lang='lat' dir='ltr'>denero</span> <span class='ocrx_word' id='word_1_279' title='bbox 1070 2792 1114 2824; x_wconf 82' lang='lat' dir='ltr'>ere</span> 
     </span>
     <span class='ocr_line' id='line_1_29' title="bbox 66 2844 1113 2905; baseline 0.002 -13"><span class='ocrx_word' id='word_1_280' title='bbox 66 2844 164 2894; x_wconf 59' lang='lat' dir='ltr'>se‘vitos</span> <span class='ocrx_word' id='word_1_281' title='bbox 183 2851 231 2896; x_wconf 89' lang='lat' dir='ltr'>ben</span> <span class='ocrx_word' id='word_1_282' title='bbox 252 2850 324 2905; x_wconf 74' lang='lat' dir='ltr'>altro,</span> <span class='ocrx_word' id='word_1_283' title='bbox 343 2850 419 2896; x_wconf 79' lang='lat' dir='ltr'>recito</span> <span class='ocrx_word' id='word_1_284' title='bbox 437 2850 494 2905; x_wconf 84' lang='lat' dir='ltr'>quel</span> <span class='ocrx_word' id='word_1_285' title='bbox 516 2863 587 2894; x_wconf 86' lang='lat' dir='ltr'>verso</span> <span class='ocrx_word' id='word_1_286' title='bbox 609 2849 675 2894; x_wconf 81' lang='lat' dir='ltr'>dello</span> <span class='ocrx_word' id='word_1_287' title='bbox 696 2849 832 2894; x_wconf 82' lang='lat' dir='ltr'>commedio</span> <span class='ocrx_word' id='word_1_288' title='bbox 851 2848 895 2892; x_wconf 95' lang='lat' dir='ltr'>‹il</span> <span class='ocrx_word' id='word_1_289' title='bbox 916 2849 1047 2896; x_wconf 85' lang='lat' dir='ltr'>Formione</span> <span class='ocrx_word' id='word_1_290' title='bbox 1061 2862 1073 2892; x_wconf 88' lang='lat'><strong>›</strong></span> <span class='ocrx_word' id='word_1_291' title='bbox 1089 2849 1113 2894; x_wconf 90' lang='lat' dir='ltr'>di</span> 
     </span>
    </p>

    <p class='ocr_par' dir='ltr' id='par_1_8' title="bbox 21 2906 1117 3197">
     <span class='ocr_line' id='line_1_30' title="bbox 21 2906 1112 2975; baseline 0.003 -13"><span class='ocrx_word' id='word_1_292' title='bbox 21 2926 24 2933; x_wconf 93' lang='grc'><strong><em>·</em></strong></span> <span class='ocrx_word' id='word_1_293' title='bbox 64 2906 167 2975; x_wconf 75' lang='lat' dir='ltr'>lerenzio,</span> <span class='ocrx_word' id='word_1_294' title='bbox 181 2936 194 2966; x_wconf 92' lang='lat' dir='ltr'>e</span> <span class='ocrx_word' id='word_1_295' title='bbox 208 2934 254 2967; x_wconf 90' lang='lat' dir='ltr'>oon</span> <span class='ocrx_word' id='word_1_296' title='bbox 269 2933 324 2967; x_wconf 87' lang='lat' dir='ltr'>esso</span> <span class='ocrx_word' id='word_1_297' title='bbox 338 2922 403 2967; x_wconf 87' lang='lat' dir='ltr'>vello</span> <span class='ocrx_word' id='word_1_298' title='bbox 414 2934 550 2967; x_wconf 82' lang='lat' dir='ltr'>eccennsro</span> <span class='ocrx_word' id='word_1_299' title='bbox 565 2921 588 2965; x_wconf 84' lang='lat' dir='ltr'>al</span> <span class='ocrx_word' id='word_1_300' title='bbox 599 2920 666 2973; x_wconf 77' lang='lat' dir='ltr'>figlio</span> <span class='ocrx_word' id='word_1_301' title='bbox 678 2920 702 2964; x_wconf 86' lang='lat' dir='ltr'>dl</span> <span class='ocrx_word' id='word_1_302' title='bbox 712 2920 798 2974; x_wconf 86' lang='lat' dir='ltr'>Clelio,</span> <span class='ocrx_word' id='word_1_303' title='bbox 809 2920 854 2964; x_wconf 90' lang='lat' dir='ltr'>ohe</span> <span class='ocrx_word' id='word_1_304' title='bbox 864 2920 970 2965; x_wconf 83' lang='lat' dir='ltr'>truffovu</span> <span class='ocrx_word' id='word_1_305' title='bbox 979 2921 1004 2966; x_wconf 83' lang='lat' dir='ltr'>si</span> <span class='ocrx_word' id='word_1_306' title='bbox 1013 2922 1112 2974; x_wconf 82' lang='lat' dir='ltr'>parenti</span> 
     </span>
     <span class='ocr_line' id='line_1_31' title="bbox 66 2976 1117 3047; baseline -0.001 -11"><span class='ocrx_word' id='word_1_307' title='bbox 66 2976 131 3047; x_wconf 57' lang='lat' dir='ltr'>dilati</span> <span class='ocrx_word' id='word_1_308' title='bbox 143 3001 187 3045; x_wconf 82' lang='lat' dir='ltr'>per</span> <span class='ocrx_word' id='word_1_309' title='bbox 200 2992 392 3046; x_wconf 81' lang='lat' dir='ltr'>isoielooquerli.</span> <span class='ocrx_word' id='word_1_310' title='bbox 405 3015 432 3023; x_wconf 80' lang='lat'>—</span> <span class='ocrx_word' id='word_1_311' title='bbox 447 2992 688 3046; x_wconf 81' lang='lat' dir='ltr'>delicatiorem,</span> <span class='ocrx_word' id='word_1_312' title='bbox 703 2991 852 3044; x_wconf 83' lang='lat' dir='ltr'>effeminato,</span> <span class='ocrx_word' id='word_1_313' title='bbox 866 2991 939 3035; x_wconf 91' lang='lat' dir='ltr'>molle</span> <span class='ocrx_word' id='word_1_314' title='bbox 954 3014 981 3022; x_wconf 90' lang='lat'><em>-</em></span> <span class='ocrx_word' id='word_1_315' title='bbox 994 2991 1117 3035; x_wconf 79' lang='lat' dir='ltr'>Sentin&#39;</span> 
     </span>
     <span class='ocr_line' id='line_1_32' title="bbox 66 3051 1117 3117; baseline 0.002 -14"><span class='ocrx_word' id='word_1_316' title='bbox 66 3051 315 3108; x_wconf 69' lang='lat' dir='ltr'>&#39;’Sentisne-esse</span> <span class='ocrx_word' id='word_1_317' title='bbox 329 3066 485 3107; x_wconf 78' lang='lat' dir='ltr'>tectum:</span> <span class='ocrx_word' id='word_1_318' title='bbox 496 3063 563 3117; x_wconf 86' lang='lat' dir='ltr'>salli</span> <span class='ocrx_word' id='word_1_319' title='bbox 577 3057 601 3106; x_wconf 89' lang='lat' dir='ltr'>et</span> <span class='ocrx_word' id='word_1_320' title='bbox 615 3062 805 3106; x_wconf 77' lang='lat' dir='ltr'>circumveniri.</span> <span class='ocrx_word' id='word_1_321' title='bbox 821 3086 837 3091; x_wconf 93' lang='lat'>—</span> <span class='ocrx_word' id='word_1_322' title='bbox 856 3062 995 3116; x_wconf 62' lang='lat' dir='ltr'>triginta</span> <span class='ocrx_word' id='word_1_323' title='bbox 1009 3062 1117 3116; x_wconf 75' lang='lat' dir='ltr'>mistis,</span> 
     </span>
     <span class='ocr_line' id='line_1_33' title="bbox 64 3114 852 3197; baseline 0.001 -24"><span class='ocrx_word' id='word_1_324' title='bbox 64 3114 85 3195; x_wconf 55' lang='grc'>11</span> <span class='ocrx_word' id='word_1_325' title='bbox 94 3131 149 3176; x_wconf 76' lang='lat' dir='ltr'>mett</span> <span class='ocrx_word' id='word_1_326' title='bbox 161 3133 200 3178; x_wconf 86' lang='lat' dir='ltr'>del</span> <span class='ocrx_word' id='word_1_327' title='bbox 214 3122 309 3178; x_wconf 76' lang='lat' dir='ltr'>telento</span> <span class='ocrx_word' id='word_1_328' title='bbox 324 3133 399 3178; x_wconf 85' lang='lat' dir='ltr'>ettioo</span> <span class='ocrx_word' id='word_1_329' title='bbox 413 3147 428 3178; x_wconf 91' lang='lat' dir='ltr'>o</span> <span class='ocrx_word' id='word_1_330' title='bbox 443 3132 554 3197; x_wconf 83' lang='lat' dir='ltr'>euboico,</span> <span class='ocrx_word' id='word_1_331' title='bbox 569 3131 614 3176; x_wconf 89' lang='lat' dir='ltr'>ohe</span> <span class='ocrx_word' id='word_1_332' title='bbox 628 3132 717 3176; x_wconf 74' lang='lat' dir='ltr'>valera</span> <span class='ocrx_word' id='word_1_333' title='bbox 730 3134 783 3176; x_wconf 78' lang='lat'>5821</span> <span class='ocrx_word' id='word_1_334' title='bbox 799 3132 852 3175; x_wconf 83' lang='lat' dir='ltr'>lira.</span> 
     </span>
    </p>
   </div>
   <div class='ocr_carea' id='block_1_7' title="bbox 62 3221 1119 3565">
    <p class='ocr_par' dir='ltr' id='par_1_9' title="bbox 62 3221 1119 3565">
     <span class='ocr_line' id='line_1_34' title="bbox 116 3221 1116 3279; baseline -0.001 -12"><span class='ocrx_word' id='word_1_335' title='bbox 116 3223 182 3272; x_wconf 69' lang='grc'>1158.</span> <span class='ocrx_word' id='word_1_336' title='bbox 197 3226 346 3279; x_wconf 86' lang='lat' dir='ltr'>Asetlns;</span> <span class='ocrx_word' id='word_1_337' title='bbox 366 3225 465 3270; x_wconf 82' lang='lat' dir='ltr'>Tiberio</span> <span class='ocrx_word' id='word_1_338' title='bbox 480 3224 583 3268; x_wconf 81' lang='lat' dir='ltr'>Claudio</span> <span class='ocrx_word' id='word_1_339' title='bbox 602 3224 695 3276; x_wconf 81' lang='lat' dir='ltr'>Asello,</span> <span class='ocrx_word' id='word_1_340' title='bbox 710 3224 789 3268; x_wconf 82' lang='lat' dir='ltr'>ellone</span> <span class='ocrx_word' id='word_1_341' title='bbox 803 3223 898 3267; x_wconf 89' lang='lat' dir='ltr'>nemioo</span> <span class='ocrx_word' id='word_1_342' title='bbox 914 3222 938 3265; x_wconf 90' lang='lat' dir='ltr'>di</span> <span class='ocrx_word' id='word_1_343' title='bbox 954 3221 1076 3275; x_wconf 81' lang='lat' dir='ltr'>Scipione.</span> <span class='ocrx_word' id='word_1_344' title='bbox 1090 3247 1116 3254; x_wconf 91' lang='lat'><em>-</em></span> 
     </span>
     <span class='ocr_line' id='line_1_35' title="bbox 66 3278 1118 3359; baseline 0.001 -22"><span class='ocrx_word' id='word_1_345' title='bbox 66 3278 129 3336; x_wconf 65' lang='lat' dir='ltr'>dois</span> <span class='ocrx_word' id='word_1_346' title='bbox 146 3308 300 3359; x_wconf 78' lang='lat' dir='ltr'>nsnnnun.</span> <span class='ocrx_word' id='word_1_347' title='bbox 314 3281 333 3340; x_wconf 74' lang='lat' dir='ltr'>ll</span> <span class='ocrx_word' id='word_1_348' title='bbox 348 3300 420 3350; x_wconf 84' lang='lat' dir='ltr'>purte</span> <span class='ocrx_word' id='word_1_349' title='bbox 435 3296 459 3339; x_wconf 89' lang='lat' dir='ltr'>di</span> <span class='ocrx_word' id='word_1_350' title='bbox 470 3309 502 3339; x_wconf 89' lang='lat' dir='ltr'>un</span> <span class='ocrx_word' id='word_1_351' title='bbox 512 3294 652 3348; x_wconf 85' lang='lat' dir='ltr'>proverbio,</span> <span class='ocrx_word' id='word_1_352' title='bbox 661 3294 706 3338; x_wconf 86' lang='lat' dir='ltr'>che</span> <span class='ocrx_word' id='word_1_353' title='bbox 722 3307 799 3338; x_wconf 82' lang='lat' dir='ltr'>suono</span> <span class='ocrx_word' id='word_1_354' title='bbox 809 3292 872 3337; x_wconf 88' lang='lat' dir='ltr'>cosl:</span> <span class='ocrx_word' id='word_1_355' title='bbox 887 3305 952 3347; x_wconf 71' lang='lat' dir='ltr'>naas</span> <span class='ocrx_word' id='word_1_356' title='bbox 962 3292 1083 3346; x_wconf 81' lang='lat' dir='ltr'>asellum,</span> <span class='ocrx_word' id='word_1_357' title='bbox 1093 3294 1118 3338; x_wconf 85' lang='lat' dir='ltr'>si</span> 
     </span>
     <span class='ocr_line' id='line_1_36' title="bbox 65 3347 1117 3433; baseline 0.006 -26"><span class='ocrx_word' id='word_1_358' title='bbox 65 3347 286 3433; x_wconf 15' lang='lat' dir='ltr'>boinitiit‘traere&#39;non</span> <span class='ocrx_word' id='word_1_359' title='bbox 301 3380 388 3421; x_wconf 66' lang='lat' dir='ltr'>eneas,</span> <span class='ocrx_word' id='word_1_360' title='bbox 403 3367 442 3411; x_wconf 80' lang='lat' dir='ltr'>del</span> <span class='ocrx_word' id='word_1_361' title='bbox 462 3378 549 3419; x_wconf 79' lang='lat' dir='ltr'>groco:</span> <span class='ocrx_word' id='word_1_362' title='bbox 565 3363 588 3415; x_wconf 81' lang='lat' dir='ltr'>ei</span> <span class='ocrx_word' id='word_1_363' title='bbox 607 3362 642 3430; x_wconf 72' lang='grc' dir='ltr'>μὴ</span> <span class='ocrx_word' id='word_1_364' title='bbox 658 3361 749 3414; x_wconf 80' lang='grc' dir='ltr'>δύναιο</span> <span class='ocrx_word' id='word_1_365' title='bbox 769 3366 838 3429; x_wconf 81' lang='grc' dir='ltr'>βοῦν,</span> <span class='ocrx_word' id='word_1_366' title='bbox 853 3361 950 3413; x_wconf 81' lang='grc' dir='ltr'>ἔλαυνε</span> <span class='ocrx_word' id='word_1_367' title='bbox 967 3354 1042 3427; x_wconf 80' lang='grc' dir='ltr'><strong>γὀὖν</strong></span> <span class='ocrx_word' id='word_1_368' title='bbox 1055 3362 1117 3413; x_wconf 82' lang='grc' dir='ltr'>ὄνον</span> 
     </span>
     <span class='ocr_line' id='line_1_37' title="bbox 62 3432 1119 3496; baseline 0 -12"><span class='ocrx_word' id='word_1_369' title='bbox 62 3435 85 3460; x_wconf 72' lang='lat'>&#39;²</span> <span class='ocrx_word' id='word_1_370' title='bbox 95 3432 127 3480; x_wconf 71' lang='lat' dir='ltr'>thi</span> <span class='ocrx_word' id='word_1_371' title='bbox 138 3448 187 3486; x_wconf 78' lang='lat' dir='ltr'>non·</span> <span class='ocrx_word' id='word_1_372' title='bbox 197 3441 230 3486; x_wconf 83' lang='lat' dir='ltr'>ho</span> <span class='ocrx_word' id='word_1_373' title='bbox 244 3440 310 3494; x_wconf 81' lang='lat' dir='ltr'>huoi,</span> <span class='ocrx_word' id='word_1_374' title='bbox 325 3440 346 3485; x_wconf 90' lang='lat' dir='ltr'>si</span> <span class='ocrx_word' id='word_1_375' title='bbox 356 3445 472 3486; x_wconf 87' lang='lat' dir='ltr'>contenta</span> <span class='ocrx_word' id='word_1_376' title='bbox 486 3441 511 3485; x_wconf 93' lang='lat' dir='ltr'>di</span> <span class='ocrx_word' id='word_1_377' title='bbox 526 3441 596 3496; x_wconf 82' lang='lat' dir='ltr'>asini,</span> <span class='ocrx_word' id='word_1_378' title='bbox 611 3455 624 3485; x_wconf 91' lang='lat' dir='ltr'>e</span> <span class='ocrx_word' id='word_1_379' title='bbox 638 3441 656 3484; x_wconf 91' lang='lat' dir='ltr'>il</span> <span class='ocrx_word' id='word_1_380' title='bbox 668 3441 784 3494; x_wconf 77' lang='lat' dir='ltr'>generale</span> <span class='ocrx_word' id='word_1_381' title='bbox 800 3440 844 3484; x_wconf 88' lang='lat' dir='ltr'>ohe</span> <span class='ocrx_word' id='word_1_382' title='bbox 859 3452 907 3483; x_wconf 90' lang='lat' dir='ltr'>non</span> <span class='ocrx_word' id='word_1_383' title='bbox 921 3439 953 3483; x_wconf 82' lang='lat' dir='ltr'>hs</span> <span class='ocrx_word' id='word_1_384' title='bbox 968 3439 1059 3483; x_wconf 81' lang='lat' dir='ltr'>soldnti</span> <span class='ocrx_word' id='word_1_385' title='bbox 1074 3441 1119 3484; x_wconf 92' lang='lat' dir='ltr'>mi-</span> 
     </span>
     <span class='ocr_line' id='line_1_38' title="bbox 64 3494 956 3565; baseline -0.001 -10"><span class='ocrx_word' id='word_1_386' title='bbox 64 3494 127 3561; x_wconf 62' lang='grc'>311011,</span> <span class='ocrx_word' id='word_1_387' title='bbox 139 3510 158 3555; x_wconf 91' lang='lat' dir='ltr'>si</span> <span class='ocrx_word' id='word_1_388' title='bbox 171 3512 227 3557; x_wconf 77' lang='lat' dir='ltr'>vale</span> <span class='ocrx_word' id='word_1_389' title='bbox 242 3511 271 3556; x_wconf 92' lang='lat' dir='ltr'>di·</span> <span class='ocrx_word' id='word_1_390' title='bbox 282 3511 372 3556; x_wconf 82' lang='lat' dir='ltr'>soldoti</span> <span class='ocrx_word' id='word_1_391' title='bbox 387 3523 456 3556; x_wconf 89' lang='lat' dir='ltr'>come</span> <span class='ocrx_word' id='word_1_392' title='bbox 471 3512 564 3556; x_wconf 78' lang='lat' dir='ltr'>Asello.</span> <span class='ocrx_word' id='word_1_393' title='bbox 578 3512 643 3556; x_wconf 83' lang='lat' dir='ltr'>Altri</span> <span class='ocrx_word' id='word_1_394' title='bbox 658 3511 690 3555; x_wconf 75' lang='lat' dir='ltr'>du</span> <span class='ocrx_word' id='word_1_395' title='bbox 710 3512 775 3555; x_wconf 83' lang='lat' dir='ltr'>ultra</span> <span class='ocrx_word' id='word_1_396' title='bbox 789 3510 956 3565; x_wconf 77' lang='lat' dir='ltr'>spiegezione.</span> 
     </span>
    </p>
   </div>
   <div class='ocr_carea' id='block_1_8' title="bbox 62 3597 1119 3932">
    <p class='ocr_par' dir='ltr' id='par_1_10' title="bbox 62 3597 1119 3932">
     <span class='ocr_line' id='line_1_39' title="bbox 115 3597 1118 3657; baseline -0.001 -14"><span class='ocrx_word' id='word_1_397' title='bbox 115 3597 179 3646; x_wconf 71' lang='lat'>260.</span> <span class='ocrx_word' id='word_1_398' title='bbox 198 3601 308 3655; x_wconf 76' lang='lat' dir='ltr'>Tutor,</span> <span class='ocrx_word' id='word_1_399' title='bbox 330 3600 401 3646; x_wconf 88' lang='lat' dir='ltr'>titolo</span> <span class='ocrx_word' id='word_1_400' title='bbox 423 3600 496 3645; x_wconf 85' lang='lat' dir='ltr'>d&#39;unn</span> <span class='ocrx_word' id='word_1_401' title='bbox 517 3599 654 3645; x_wconf 83' lang='lat' dir='ltr'>commedio</span> <span class='ocrx_word' id='word_1_402' title='bbox 675 3599 780 3657; x_wconf 75' lang='lat' dir='ltr'>mimice.</span> <span class='ocrx_word' id='word_1_403' title='bbox 801 3623 827 3630; x_wconf 88' lang='lat'><em>-</em></span> <span class='ocrx_word' id='word_1_404' title='bbox 849 3599 967 3654; x_wconf 79' lang='lat' dir='ltr'>oppido</span> <span class='ocrx_word' id='word_1_405' title='bbox 989 3599 1001 3642; x_wconf 74' lang='lat' dir='ltr'>e</span> <span class='ocrx_word' id='word_1_406' title='bbox 1023 3613 1077 3645; x_wconf 81' lang='lat' dir='ltr'>evv.</span> <span class='ocrx_word' id='word_1_407' title='bbox 1090 3619 1118 3635; x_wconf 86' lang='lat'><em>=</em></span> 
     </span>
     <span class='ocr_line' id='line_1_40' title="bbox 62 3663 1116 3726; baseline 0 -11"><span class='ocrx_word' id='word_1_408' title='bbox 62 3663 122 3721; x_wconf 55' lang='lat'>⁸⁹¹5&amp;</span> <span class='ocrx_word' id='word_1_409' title='bbox 132 3673 250 3717; x_wconf 85' lang='lat' dir='ltr'>mnltnm.</span> <span class='ocrx_word' id='word_1_410' title='bbox 264 3672 362 3717; x_wconf 78' lang='lat' dir='ltr'>Donato</span> <span class='ocrx_word' id='word_1_411' title='bbox 373 3672 404 3717; x_wconf 78' lang='lat' dir='ltr'>sil</span> <span class='ocrx_word' id='word_1_412' title='bbox 419 3671 477 3716; x_wconf 82' lang='lat' dir='ltr'>Ter.</span> <span class='ocrx_word' id='word_1_413' title='bbox 487 3670 555 3725; x_wconf 75' lang='lat' dir='ltr'>Hes,</span> <span class='ocrx_word' id='word_1_414' title='bbox 564 3674 585 3726; x_wconf 79' lang='lat'>2,</span> <span class='ocrx_word' id='word_1_415' title='bbox 595 3675 613 3724; x_wconf 91' lang='lat'>1,</span> <span class='ocrx_word' id='word_1_416' title='bbox 622 3674 657 3723; x_wconf 80' lang='lat'>41,</span> <span class='ocrx_word' id='word_1_417' title='bbox 665 3683 695 3714; x_wconf 90' lang='lat' dir='ltr'>ne</span> <span class='ocrx_word' id='word_1_418' title='bbox 705 3670 736 3714; x_wconf 80' lang='lat' dir='ltr'>dd</span> <span class='ocrx_word' id='word_1_419' title='bbox 746 3677 836 3723; x_wconf 80' lang='lat' dir='ltr'>queste</span> <span class='ocrx_word' id='word_1_420' title='bbox 843 3668 1010 3714; x_wconf 86' lang='lat' dir='ltr'>derivuzione:</span> <span class='ocrx_word' id='word_1_421' title='bbox 1030 3668 1116 3715; x_wconf 83' lang='lat' dir='ltr'>Tran-</span> 
     </span>
     <span class='ocr_line' id='line_1_41' title="bbox 62 3724 1117 3797; baseline -0.001 -12"><span class='ocrx_word' id='word_1_422' title='bbox 62 3724 125 3781; x_wconf 66' lang='lat' dir='ltr'>⁸¹⁰lio</span> <span class='ocrx_word' id='word_1_423' title='bbox 138 3755 154 3785; x_wconf 88' lang='lat' dir='ltr'>c</span> <span class='ocrx_word' id='word_1_424' title='bbox 166 3742 281 3797; x_wconf 76' lang='lat' dir='ltr'>rusticis,</span> <span class='ocrx_word' id='word_1_425' title='bbox 295 3744 341 3797; x_wconf 77' lang='lat' dir='ltr'>qni</span> <span class='ocrx_word' id='word_1_426' title='bbox 361 3743 525 3796; x_wconf 71' lang='lat' dir='ltr'>interrooati,</span> <span class='ocrx_word' id='word_1_427' title='bbox 541 3755 616 3796; x_wconf 80' lang='lat' dir='ltr'>qneni</span> <span class='ocrx_word' id='word_1_428' title='bbox 638 3741 673 3784; x_wconf 84' lang='lat' dir='ltr'>od</span> <span class='ocrx_word' id='word_1_429' title='bbox 694 3741 802 3785; x_wconf 77' lang='lat' dir='ltr'>modurn</span> <span class='ocrx_word' id='word_1_430' title='bbox 812 3741 905 3794; x_wconf 74' lang='lat' dir='ltr'>frnaes</span> <span class='ocrx_word' id='word_1_431' title='bbox 924 3740 1117 3794; x_wconf 74' lang='lat' dir='ltr'>provenissent,</span> 
     </span>
     <span class='ocr_line' id='line_1_42' title="bbox 63 3802 1119 3868; baseline -0.004 -11"><span class='ocrx_word' id='word_1_432' title='bbox 63 3802 247 3858; x_wconf 61' lang='lat' dir='ltr'>&#39;ellondebants</span> <span class='ocrx_word' id='word_1_433' title='bbox 262 3814 371 3868; x_wconf 61' lang='lat' dir='ltr'>opptdoe</span> <span class='ocrx_word' id='word_1_434' title='bbox 384 3814 413 3857; x_wconf 85' lang='lat' dir='ltr'>id</span> <span class='ocrx_word' id='word_1_435' title='bbox 427 3816 472 3866; x_wconf 85' lang='lat' dir='ltr'>est,</span> <span class='ocrx_word' id='word_1_436' title='bbox 488 3825 555 3866; x_wconf 81' lang='lat' dir='ltr'>qrcoe</span> <span class='ocrx_word' id='word_1_437' title='bbox 569 3812 619 3856; x_wconf 83' lang='lat' dir='ltr'>sibi</span> <span class='ocrx_word' id='word_1_438' title='bbox 634 3815 657 3854; x_wconf 92' lang='lat' dir='ltr'>et</span> <span class='ocrx_word' id='word_1_439' title='bbox 672 3809 768 3865; x_wconf 77' lang='lat' dir='ltr'>oppido</span> <span class='ocrx_word' id='word_1_440' title='bbox 786 3810 901 3864; x_wconf 76' lang='lat' dir='ltr'>sufficere</span> <span class='ocrx_word' id='word_1_441' title='bbox 916 3810 1074 3864; x_wconf 79' lang='lat' dir='ltr'>potuissent.</span> <span class='ocrx_word' id='word_1_442' title='bbox 1091 3833 1119 3840; x_wconf 83' lang='grc'><strong>-</strong></span> 
     </span>
     <span class='ocr_line' id='line_1_43' title="bbox 62 3850 835 3932; baseline -0.008 -5"><span class='ocrx_word' id='word_1_443' title='bbox 62 3850 123 3918; x_wconf 55' lang='lat'>3⁰⁸⁸</span> <span class='ocrx_word' id='word_1_444' title='bbox 134 3879 261 3930; x_wconf 75' lang='lat' dir='ltr'>t-vaice)</span> <span class='ocrx_word' id='word_1_445' title='bbox 276 3883 349 3924; x_wconf 85' lang='lat' dir='ltr'>ante</span> <span class='ocrx_word' id='word_1_446' title='bbox 364 3880 465 3924; x_wconf 81' lang='lat' dir='ltr'>lnceni</span> <span class='ocrx_word' id='word_1_447' title='bbox 479 3896 506 3913; x_wconf 86' lang='lat'>=</span> <span class='ocrx_word' id='word_1_448' title='bbox 520 3879 595 3923; x_wconf 92' lang='lat' dir='ltr'>molto</span> <span class='ocrx_word' id='word_1_449' title='bbox 609 3876 689 3932; x_wconf 86' lang='lat' dir='ltr'>primo</span> <span class='ocrx_word' id='word_1_450' title='bbox 701 3876 725 3920; x_wconf 91' lang='lat' dir='ltr'>di</span> <span class='ocrx_word' id='word_1_451' title='bbox 740 3876 835 3930; x_wconf 78' lang='lat' dir='ltr'>giorno.</span> 
     </span>
    </p>
   </div>
   <div class='ocr_carea' id='block_1_9' title="bbox 0 0 1270 4246">
    <p class='ocr_par' dir='ltr' id='par_1_11' title="bbox 0 0 1270 4246">
     <span class='ocr_line' id='line_1_44' title="bbox 0 0 1270 4246; baseline 0 0"><span class='ocrx_word' id='word_1_452' title='bbox 0 0 1270 4246; x_wconf 95' lang='lat' dir='ltr'> </span> 
     </span>
    </p>
   </div>
  </div>
 </body>
</html>
