2526 4246
141 154 193 205 :hrt
507 168 542 209 nr.
560 167 665 209 ructu
683 164 848 213 cucumores

142 272 275 339 situdine
305 283 334 338 et
357 273 504 338 varietate
535 282 565 338 et
592 271 830 337 commutatione
859 272 982 358 aptius?
1009 271 1106 359 ltaque
1126 271 1185 337 ideu

142 374 294 441 Gracchus
310 374 445 460 -qued
468 385 553 461 potes
575 374 691 452 audire,
707 373 822 451 Catule,
839 394 880 440 ex
895 374 1011 442 Licinio
1025 376 1125 442 cliente
1141 385 1186 449 tuo,
1227 436 1229 443 Α

143 480 276 544 litterato
292 477 426 556 homine,
446 497 537 563 quem
559 497 683 543 servum
699 476 756 543 sihi
772 476 826 542 ille
843 476 955 543 hahuit
976 479 1015 544 ad
1035 496 1147 544 manum
1158 511 1187 523 -

142 602 211 648 curn
234 581 399 647 eburneola
422 581 528 647 solitus
557 590 603 646 est
636 579 750 645 habero
776 578 892 657 listula,
915 581 970 666 qui
993 592 1083 647 staret
1102 580 1188 646 occtrhe

142 696 210 770 post
238 685 349 770 ipsum,
378 703 449 749 cum
481 682 718 760 contionaretur,
740 681 879 767 peritum
908 667 1077 761 hominem,
1097 682 1189 769 quiin

144 787 231 852 tlaret
253 786 393 852 celeriter
415 805 486 852 eum
508 804 630 862 sonum,
647 804 707 870 quo
722 783 812 850 illum
827 795 880 851 aut
897 787 1061 854 remissum
1074 785 1189 852 excitaret

62 906 116 959 226
142 900 194 954 aut
209 910 226 954 a
241 890 435 955 contentione
449 899 613 955 revocaret.
630 887 738 955 hudivi
761 887 954 968 mehercule,
972 891 1070 977 inquit
1083 889 1189 957 taturus

143 1003 172 1057 et
195 1013 285 1079 saepe
307 1014 375 1059 sum
399 993 566 1059 admiratus
589 991 723 1058 hominis
744 1010 815 1057 cum
830 991 1026 1079 diligentiam
1040 1005 1102 1060 turn
1120 991 1190 1058 etian

143 1095 312 1160 doctrinam
335 1106 365 1159 et
388 1096 555 1161 scientiam.
600 1094 660 1181 Ege
681 1113 764 1171 vero,
787 1093 892 1179 inquit
914 1095 1048 1173 Crassus,
1071 1117 1101 1162 ac
1125 1094 1191 1159 doleo

142 1197 267 1283 quidem
290 1196 358 1262 illos
382 1198 464 1263 viros
486 1198 519 1262 in
541 1216 609 1262 eam
644 1195 783 1263 fraudem
804 1197 838 1261 in
863 1218 898 1263 re
931 1199 1054 1284 publica
1082 1218 1139 1264 esse
1156 1195 1192 1260 de—

142 1303 258 1387 lapsos;
282 1321 470 1386 quamquam
492 1321 528 1366 ea
550 1302 610 1366 tela
635 1300 748 1366 texitur
766 1309 796 1365 et
819 1319 854 1365 ea
878 1299 1026 1367 incitator
1046 1302 1076 1366 in
1096 1300 1192 1366 civitate

144 1404 221 1470 ratio
237 1402 360 1471 vivendi
384 1426 419 1470 ac
439 1403 607 1491 posteritati
623 1403 802 1481 ostenditur,
819 1412 854 1468 ut
876 1423 986 1471 eorum
1006 1405 1121 1481 civium,
1135 1421 1193 1488 quos

142 1508 237 1573 nostri
260 1519 362 1594 patres
385 1528 448 1573 non
477 1508 624 1583 tulerunt,
658 1505 719 1571 iam
752 1505 868 1571 similes
903 1507 1019 1575 hahere
1050 1507 1191 1593 cupiamus.

142 1610 235 1687 Mitte,
258 1611 390 1687 obsecro,
416 1609 524 1696 inquit,
547 1609 662 1687 Crasse,
692 1607 795 1686 lulius,
818 1628 997 1675 sermonem
1018 1611 1107 1677 istum
1130 1616 1193 1674 et-tc

141 1714 179 1779 ad
202 1712 328 1778 Gracchi
353 1713 486 1778 fistulam
509 1712 603 1778 refer:
622 1711 707 1777 cuius
722 1731 776 1797 ego
795 1710 937 1777 nondum
957 1715 1049 1798 plane
1067 1712 1193 1777 rationem

142 1816 294 1900 intellego.
634 1885 637 1891 ,

64 1928 115 1979 227
184 1918 278 1983 LXI.
300 1915 332 1978 ln
357 1916 442 1980 orani
465 1936 546 1993 voce,
563 1916 664 2001 inquit
686 1915 819 1993 Crassus,
835 1925 880 1981 est
899 1917 1046 2001 quiddam
1067 1915 1193 1985 medium,
1223 1872 1229 2023 d

141 2020 193 2086 sed
220 2038 310 2085 suum
338 2018 447 2103 cuique
474 2019 548 2084 voci.
579 2017 655 2083 llinc
683 2017 833 2105 gradatim
863 2019 1027 2085 ascendere
1053 2024 1192 2085 vocemet

208 2296 282 2339 225.
298 2293 380 2337 tderrt
399 2291 576 2337 Gracchus.
597 2291 658 2336 Dice
674 2305 686 2336 ‹
700 2292 770 2336 idem
783 2303 805 2346 ›,
824 2293 917 2347 perche
939 2308 983 2339 era
996 2298 1060 2340 stato
1075 2295 1153 2340 lodato
1163 2289 1192 2336 nel

140 2364 212 2412 §att
227 2385 252 2392 —
267 2372 357 2415 quern
372 2358 525 2409 (Liciniam)
541 2371 673 2403 seruum
692 2358 758 2403 sihc'
776 2358 835 2404 r'lle
857 2358 1015 2412 (Gracchus)
1035 2362 1146 2407 habuit
1164 2355 1193 2403 ad

139 2445 304 2477 marram:
314 2430 358 2474 che
374 2431 398 2475 lo
414 2430 512 2474 servire
527 2429 552 2474 in
573 2428 670 2483 qualite
685 2429 709 2473 di
731 2429 853 2475 scrivano.
868 2418 888 2477 h
909 2436 968 2476 noto
989 2431 1034 2477 che
1049 2414 1164 2477 d'Romani
1175 2425 1192 2471 di

140 2504 190 2548 olto
205 2502 283 2556 gredo
299 2514 410 2546 avevano
424 2514 457 2544 un
477 2505 544 2545 certo
559 2513 661 2544 numero
687 2500 712 2543 di
734 2499 835 2554 schlavi,
851 2501 936 2555 specio
950 2502 1027 2557 greci,
1040 2502 1084 2548 che
1105 2502 1124 2548 si
1142 2499 1193 2546 chia·

140 2588 228 2618 ruavan
244 2573 350 2626 literati,
366 2585 415 2627 e,o
437 2571 581 2616 scrivevano
603 2573 668 2615 sotto
691 2570 853 2621 dettatura,o
875 2572 998 2626 copiavan
1018 2573 1076 2618 libri
1088 2572 1157 2622 (sorel
1167 2566 1193 2614 ad
1217 2606 1220 2611 .

139 2658 252 2689 oronam
266 2658 280 2689 o
296 2658 313 2688 a
326 2656 411 2688 reatae
433 2656 447 2687 o
469 2646 663 2690 mercenarorium).
676 2665 702 2672 -
712 2644 787 2696 poet
804 2641 921 2695 ipsam.
936 2642 984 2697 Qui
1004 2648 1064 2698 post
1077 2644 1110 2688 ha
1130 2643 1144 2687 il
1160 2650 1193 2686 suo

140 2728 212 2759 senso
227 2714 361 2767 originario
377 2714 415 2757 di:
430 2713 516 2767 diotre,
526 2726 594 2758 conio
609 2711 634 2756 in
645 2711 874 2766 erarioflarmra,
889 2713 933 2766 III,
947 2716 967 2765 1,
979 2715 1019 2758 40:
1030 2714 1093 2759 Post
1102 2713 1193 2769 ecetram

139 2786 211 2828 sedet
230 2788 293 2829 atra
309 2784 388 2829 (lura.
402 2808 428 2815 -
443 2784 736 2828 contionaretur:
754 2783 867 2837 parlasse
882 2783 906 2826 al
921 2784 1021 2837 popolo.
1035 2808 1061 2815 —
1075 2782 1195 2839 inflaret
1222 2818 1229 2831 .

140 2855 294 2899 celeriter
312 2867 377 2898 eam
398 2866 521 2898 cortam-
536 2853 723 2907 L'espressione
738 2852 816 2898 latina
830 2853 888 2897 vuol
911 2866 994 2899 essere
1009 2867 1065 2899 resa
1079 2868 1123 2900 con
1136 2851 1194 2899 molle
1227 2864 1229 2881 ¹

138 2925 182 2980 pih
196 2926 282 2979 parole
297 2924 321 2968 iu
336 2924 446 2978 italiana,
459 2938 483 2978 p.
498 2938 526 2977 a,
535 2925 646 2969 soffiasse
660 2925 727 2969 nella
736 2923 817 2969 fistola
827 2923 999 2978 rapidamente
1013 2926 1076 2977 (clod
1091 2930 1150 2972 tosto
1160 2922 1195 2969 ohe
1227 2960 1229 2987 :

140 2996 244 3041 sentisse
258 2995 283 3041 G.
298 2996 392 3040 Grrrcco
407 2995 473 3039 uscir
487 2994 512 3038 di
526 2998 592 3044 tonet
607 2994 766 3048 producendo
781 2994 816 3038 tal
831 3007 946 3041 suono...

207 3095 281 3138 220.
297 3092 360 3148 Epo
380 3105 460 3146 cero,
475 3096 529 3137 sott.
545 3092 635 3136 audivi
650 3095 674 3136 et
684 3093 835 3136 admiratus
849 3104 917 3136 eam.
931 3091 956 3137 Si
970 3091 1021 3146 pue
1040 3093 1141 3144 rendere
1153 3104 1199 3138 ceu:

140 3177 151 3208 ‹
167 3166 194 3210 lo
208 3179 269 3218 pure
280 3176 299 3209 ›.
313 3188 339 3194 —
350 3164 426 3208 illoc
445 3165 544 3217 ciros,
560 3161 613 3206 eice
629 3162 636 3205 i
652 3162 699 3207 due
711 3162 816 3207 Gracchi
830 3161 907 3207 uccisi
922 3176 968 3217 par
981 3163 1004 3207 le
1020 3164 1072 3209 loro
1088 3160 1201 3211 seditioni.

139 3237 209 3280 -irr
230 3249 294 3280 earn
312 3236 466 3289 sraaderrr
485 3234 516 3277 r‘rr
537 3246 570 3277 rc
592 3233 729 3288 publica
748 3246 816 3277 ecee
835 3233 1000 3288 delapsae,
1020 3248 1103 3281 essere
1125 3230 1201 3280 incerti

141 3306 165 3349 in
180 3305 231 3350 eosl
245 3305 339 3359 grande
355 3318 445 3358 errore,
460 3304 549 3349 essersi
572 3303 624 3349 eosl
645 3304 792 3348 malamente
814 3303 881 3348 illusi
903 3304 928 3348 in
949 3304 1011 3350 letto
1026 3306 1051 3350 ‹ll
1064 3308 1170 3361 politico.
1181 3324 1202 3335 -

140 3389 341 3430 qaaneqaarre,
356 3376 406 3419 olla
421 3376 509 3428 parole
523 3374 568 3419 che
584 3374 743 3429 corrispoude
759 3388 955 3429 squamarum,
967 3376 1099 3431 aggiungi:
1116 3374 1205 3424 orantei·

140 3459 215 3489 -ea
235 3447 313 3490 tela.
336 3445 453 3488 hecenna
468 3445 516 3488 alle
531 3444 622 3489 fazioni
645 3445 689 3488 che
711 3445 752 3498 poi
772 3445 937 3499 sceppiarono
957 3446 988 3490 ed
1009 3447 1205 3502 apportaronola

140 3520 217 3559 morte
233 3530 248 3559 a
262 3515 343 3569 questi
360 3514 486 3559 medesimi
509 3514 687 3569 interlocutori,
702 3515 781 3559 eonr'e
796 3515 865 3560 detto
880 3516 921 3561 nel
941 3516 1065 3571 principio
1080 3518 1105 3563 di
1129 3522 1206 3573 questo

141 3590 207 3629 terzo
222 3586 292 3630 libro.
306 3608 332 3616 -
351 3585 523 3640 incitatur,
544 3587 564 3630 si
578 3585 651 3630 viena
666 3586 852 3631 introducendo.
860 3588 897 3631 La
906 3600 966 3632 voce
977 3587 990 3632 e
1000 3589 1105 3634 traslata
1117 3604 1130 3635 a
1140 3586 1207 3634 ilicesi

141 3654 206 3707 degli
219 3654 308 3700 albori:
324 3655 437 3698 incitare
447 3656 568 3700 arborem
578 3674 604 3691 =
615 3656 688 3700 calta
699 3669 860 3712 prorrrorere,
874 3661 905 3702 at
919 3657 999 3704 libere
1012 3664 1113 3705 crescat
1123 3661 1209 3711 (rorat.

140 3750 167 3756 -
185 3725 286 3771 Mitte.
305 3724 352 3778 Qui
366 3725 442 3768 mitto
456 3725 496 3768 val
512 3730 615 3779 queunte:
631 3727 729 3779 ontitte,
740 3729 932 3782 praetermitte,
946 3740 957 3772 ‹
972 3729 1050 3775 lascia
1064 3729 1097 3776 da
1111 3740 1180 3786 parte
1192 3740 1210 3783 r,

140 3794 231 3853 perche
247 3794 260 3839 l·
275 3794 385 3839 discorso
401 3793 523 3840 doloroso.
537 3819 563 3826 —
578 3796 739 3841 rationem
754 3816 779 3833 ·-
793 3812 845 3843 uso.

173 3902 248 3959 cap.
264 3900 353 3949 mxl.
371 3923 398 3930 —
415 3898 492 3946 227.
514 3897 550 3944 la
574 3898 659 3945 omrai
678 3913 762 3953 coco,
785 3914 836 3945 eoo,
850 3901 882 3945 lu
901 3901 960 3953 ogni
973 3915 1051 3948 suono
1066 3903 1079 3948 h
1095 3918 1128 3949 un
1148 3904 1211 3949 certo
