2558 4236
517 135 548 176 tt.
566 134 671 175 runnu
690 134 853 175 CICERONIS

153 219 295 286 aoerbum
318 220 433 298 odiunt,
458 232 560 286 tarnen
583 232 636 289 aut
659 221 793 289 inuidiae
819 233 873 289 aut
899 222 961 289 odii
985 242 1046 289 non
1063 216 1179 289 nant
1214 292 1222 311 ,

75 326 126 379 209
152 323 289 388 ollensio.
333 322 407 391 ltern
431 324 524 389 tinror
547 324 694 391 incutitur
715 335 768 390 aut
789 345 827 390 ex
850 325 989 411 ipsorum
1010 322 1129 411 perieulis
1140 326 1182 385 sulz

152 447 189 491 ex
212 426 433 491 eornnrunilrus.
460 427 589 491 interior
620 440 663 492 est
692 428 744 493 ille
770 428 932 513 proprius:
958 428 1013 494 sed
1035 426 1079 493 hie
1095 438 1172 512 qunti
1219 484 1227 501 ,.

152 529 323 597 rornmunis
345 529 382 593 ad
405 530 534 594 eandeur
557 530 791 597 similitudinem
814 542 860 596 est
880 530 1096 617 perducendus.
1171 570 1174 577 ·
1217 516 1232 593 's

200 632 274 696 llll.
299 631 356 696 Par
377 642 468 716 atqne
491 653 552 698 uua
575 633 652 697 ratio
667 644 713 698 est
727 633 802 718 spei,
818 633 962 711 laetitiae,
983 624 1174 707 molestiaend

153 734 234 801 lraud
257 734 349 799 seiam
372 755 411 799 au
434 736 601 801 acerrimus
624 736 712 819 lenge
739 736 777 800 sit
803 736 944 802 omniurn
967 747 1065 803 inatus
1084 731 1151 799 inrid'
1227 786 1231 828 3

153 866 207 910 ner
230 845 332 910 rniuus
355 846 468 911 virium
491 866 567 930 opus
589 846 675 909 sitin
691 867 726 911 ea
741 846 974 932 comprimenda
991 867 1078 933 quam
1094 838 1176 911 inuti
1222 900 1234 929 ·÷

152 947 252 1012 tanda.
276 945 415 1013 Invident
437 959 538 1014 autern
563 948 703 1013 lronrines
725 948 859 1014 maxime
880 949 1009 1035 paribus
1030 959 1079 1015 aut
1097 944 1178 1013 inierit
1223 1002 1231 1027 :-

154 1049 248 1125 rilrus,
270 1070 339 1115 euin
362 1071 393 1115 se
418 1053 536 1115 relictos
559 1051 705 1128 sentiunt,
729 1051 797 1115 illos
820 1061 921 1117 autern
945 1052 1051 1118 dolent
1071 1052 1179 1121 evelosa
1226 1096 1234 1113 .-

152 1152 205 1217 sed
227 1153 319 1217 etiarn
342 1153 550 1237 superioribus
568 1153 723 1219 inridetur
741 1173 831 1239 saepe
848 1153 1051 1221 vehementer
1065 1164 1093 1220 et
1105 1168 1182 1220 eonr
1232 1192 1235 1197 >

151 1255 206 1339 gis,
229 1255 253 1318 si
277 1255 490 1320 intolerantius
521 1276 553 1320 se
580 1256 690 1320 iactant
719 1266 749 1321 et
775 1255 1026 1341 aequabilitatem
1053 1250 1183 1323 oomnuds

153 1358 227 1424 iuris
248 1358 433 1443 praestantia
456 1358 610 1443 dignitatis
625 1370 677 1424 aut
697 1357 836 1424 fortunae
858 1379 931 1425 suae
953 1370 1118 1426 transeunt.
1129 1356 1185 1440 Quo

152 1462 175 1525 si
200 1460 374 1526 inlarnanda
398 1472 477 1537 sunt,
501 1461 633 1526 maixime
663 1460 826 1526 dicendum
859 1471 904 1526 est
936 1482 1001 1527 uon
1023 1483 1087 1529 esse
1106 1462 1187 1527 virtuto

151 1575 248 1650 parta,
271 1563 382 1629 deiude
403 1563 495 1627 etiarn
511 1563 593 1626 vitiis
608 1574 699 1648 atque
713 1564 850 1648 pennatis,
871 1574 946 1641 turn,
968 1565 994 1629 si
1018 1577 1107 1632 erunt
1125 1564 1189 1629 lue

152 1667 241 1732 stiera
257 1676 349 1750 atque
362 1666 511 1751 graviora,
531 1676 632 1730 tannen
649 1686 711 1730 non
726 1686 791 1731 esse
810 1676 893 1731 tanta
908 1667 960 1731 illa
976 1668 1096 1745 merita,
1107 1672 1189 1754 quana

74 1768 125 1821 210
152 1768 312 1833 insolentia
336 1768 469 1832 heminis
484 1778 694 1852 cruentumque
713 1768 876 1834 fastidium.
922 1768 966 1834 nd
989 1770 1191 1837 sedanduuau·

150 1883 223 1947 leur,
248 1890 357 1955 niagno
380 1872 432 1935 illa
455 1870 574 1945 labore,
600 1871 716 1956 rnagnis
742 1871 886 1956 perieulis
908 1892 974 1938 esse
997 1884 1083 1958 parta
1104 1863 1190 1939 netad

150 1992 237 2039 suunt
262 1973 464 2047 aoirnnodunr‚
488 1973 540 2038 sed
563 1973 600 2038 ad
616 1973 748 2039 alioruin
763 1993 828 2039 esse
851 1975 969 2052 collata,
994 1996 1073 2060 quae
1087 1976 1109 2041 si
1123 1987 1190 2060 quau

149 2075 277 2159 gloriani
289 2076 443 2160 peperisse
453 2075 624 2153 videantur,
638 2076 796 2142 tamenetsi
808 2097 844 2142 ea
857 2097 919 2141 non
934 2078 972 2142 sit
988 2078 1093 2164 iniqua
1104 2090 1192 2143 moros

149 2178 287 2264 periculi,
311 2190 411 2243 tarnen
436 2198 554 2242 ennon
578 2178 719 2244 delectari
743 2188 899 2265 telamque
920 2179 1042 2246 abicere
1059 2192 1143 2267 atque
1158 2176 1193 2241 de

149 2381 281 2421 roppresso
292 2369 410 2422 facturn:
424 2367 448 2410 in
469 2368 540 2419 ultre,
561 2367 682 2411 eolloonto
697 2366 761 2421 dopo
784 2367 800 2410 il
816 2372 935 2420 segnente
951 2369 1031 2414 bonos
1051 2371 1123 2415 uiros.
1134 2362 1193 2418 -⁰i·

145 2440 253 2493 serisio
264 2438 289 2482 l:
303 2437 433 2490 annpntia.

216 2540 291 2583 209.
307 2538 451 2583 Interior
474 2542 520 2582 est
533 2559 560 2572 ·=
579 2537 665 2582 Preme
680 2538 705 2581 di
721 2538 772 2592 pin,
781 2538 800 2583 si
818 2543 887 2584 sente
902 2538 927 2582 di
941 2539 985 2593 piu
1000 2534 1194 2585 nell'inlernodrl·

149 2610 254 2654 l'nnirno.
267 2633 293 2640 -
309 2610 362 2653 ille
376 2610 536 2663 prop-ries
549 2629 576 2642 -
590 2609 902 2665 timorilleproprins.—
916 2611 957 2654 ad
977 2612 1144 2658 eandem...
1161 2606 1193 2653 sti

144 2680 372 2735 perducendus
387 2700 413 2713 ι-
435 2679 455 2723 si
470 2679 531 2724 deve
547 2679 563 2723 il
578 2679 668 2724 risohio
685 2692 787 2724 eomuue
797 2681 884 2730 (trio...
895 2683 1052 2733 commannis)
1065 2676 1192 2727 ridunsall·

148 2756 226 2796 stanna
237 2751 404 2804 souriglinnzrn
422 2750 475 2794 eloe
493 2758 612 2795 rnnstrnrn
629 2751 674 2795 olre
685 2751 697 2795 ir
708 2751 840 2804 congiunta
858 2764 904 2796 oon
918 2752 1002 2806 quello
1016 2754 1117 2809 proprio
1131 2752 1150 2797 di
1160 2747 1192 2793 tit·

149 2835 232 2866 sonno.

190 2911 259 2953 1211.
272 2934 298 2939 -
313 2910 379 2954 Par
398 2913 493 2963 atqrre
513 2923 576 2955 retra
599 2910 686 2955 ratio
701 2931 727 2943 =-
742 2910 776 2954 [10
786 2914 865 2955 stesso
875 2909 990 2958 diensi...
1013 2936 1041 2944 —
1062 2914 1117 2959 sed
1131 2900 1191 2957 trani

147 2982 264 3026 seiam.
278 3016 300 3026 ..
327 2981 477 3024 inuidiae.
503 2980 519 3024 l}
542 2981 565 3025 lo
587 2994 681 3034 supera
701 2980 748 3024 beu
771 2980 820 3033 egli
842 2980 898 3035 Oia,
919 2980 964 3027 ohe
984 2985 1053 3028 teuto
1074 2975 1191 3029 s'ereadt*

148 3060 236 3105 pereto
250 3064 296 3105 per
317 3050 438 3107 noeender
459 3051 515 3096 odio
537 3057 622 3095 contro
643 3051 717 3095 Rullo
737 3050 766 3095 ed
789 3050 853 3095 altri.
873 3050 969 3097 Hand
989 3054 1057 3098 seio
1080 3067 1119 3099 an
1134 3046 1191 3096 indies

147 3121 313 3177 disponizione
329 3121 360 3166 nd
375 3122 503 3166 intimare
519 3136 531 3166 e
546 3123 615 3167 rnle:
630 3135 642 3165 ‹
657 3135 717 3167 sono
738 3121 856 3166 inclinato
872 3136 887 3166 a
901 3122 1003 3168 eredere
1018 3124 1122 3172 ohe...›.
1133 3126 1192 3163 -tt‘

147 3194 249 3238 iirtos.
265 3193 310 3246 Qui
325 3193 446 3247 relinquo
460 3193 528 3238 vale:
543 3193 619 3237 taneio
635 3192 746 3237 ir‘rdietro.
760 3216 786 3223 --
801 3194 986 3238 evolasse-
1000 3180 1191 3241 essornisolleudi

147 3272 236 3319 troppo
259 3265 316 3309 alto.
337 3288 363 3294 -
386 3265 638 3317 intolerantius,
659 3267 714 3308 soti.
735 3277 817 3318 quarn
835 3265 953 3309 limnines
969 3266 1045 3320 serre
1060 3266 1191 3323 possint*

142 3336 314 3391 praestantia
328 3356 354 3369 ι
368 3334 460 3389 perelrd
474 3348 519 3379 son
529 3335 651 3388 superiori
667 3334 728 3381 in...
749 3357 775 3365 —
790 3336 1106 3389 aequabilitatem...
1128 3336 1190 3381 tren

146 3411 246 3451 seiont.
255 3406 319 3450 Nota
328 3405 372 3450 che
382 3407 558 3460 aequabilitas
567 3405 580 3449 d
590 3405 621 3450 de
630 3418 729 3460 neonus
738 3419 750 3449 o
759 3406 803 3450 ohe
811 3407 928 3451 transire
935 3407 1002 3452 vale:
1011 3402 1191 3471 astrinxerint

146 3472 175 3508 —·'
190 3478 273 3532 Quae
294 3478 403 3528 [onrnia]
421 3477 450 3521 si
471 3477 665 3531 infamanda
687 3490 723 3521 ere
730 3481 774 3530 nt,
789 3481 852 3522 tutte
867 3477 890 3521 le
906 3477 975 3531 quali
988 3476 1190 3534 <tenacissimi

147 3546 213 3599 degli
224 3547 368 3601 ttt'versttrii,
379 3560 405 3591 se
416 3547 537 3600 voglionsi
547 3546 702 3602 vituperare3
712 3559 738 3590 se
748 3547 829 3592 ruolsi
840 3547 898 3593 dare
909 3546 941 3591 ed
951 3548 1001 3593 essi
1010 3549 1104 3595 eattiva
1112 3548 1189 3593 ran-n

146 3641 172 3648 -
188 3618 370 3661 insolentia
385 3617 462 3663 (linesi
477 3617 501 3661 ‹li
517 3616 556 3662 ehi
572 3616 585 3661 ὲ
600 3616 707 3670 superbo
722 3617 752 3662 od
771 3618 849 3663 abusu
867 3617 933 3664 della
948 3631 994 3664 sua
1010 3619 1128 3675 qualsiasi
1141 3618 1192 3665 tull?

145 3687 231 3732 rioritd
245 3700 291 3741 per
305 3687 430 3732 attondere
445 3687 526 3732 altrui.

213 3784 284 3827 210.
299 3783 348 3827 Aa
366 3784 468 3828 sedan
476 3784 514 3827 dn
522 3797 561 3837 in,
577 3787 633 3828 soit.
642 3785 756 3829 maxime
767 3785 906 3830 elinandum
915 3788 954 3830 est
963 3785 1004 3831 dol
1017 3786 1119 3842 periodo
1130 3784 1192 3839 pilli·

143 3848 224 3899 dente.
240 3876 266 3885 —
280 3854 457 3899 tamenetsi
512 3854 642 3909 qriamois.
659 3856 770 3900 etiamsi.
783 3878 810 3886 -
826 3859 1018 3911 perpetuum
1031 3878 1059 3893 -
1071 3846 1192 3905 uutvsnslt·
