2526 4246
1167 40 1219 103 ”l

127 137 177 189 128
492 152 526 191 u.
545 153 651 192 noenu
670 152 833 195 crcunours

125 276 203 341 quae
224 256 373 323 sciuntur:
397 258 526 323 oratoris
547 269 650 324 autern
679 260 779 325 omnis
805 260 883 325 actio
907 261 1118 346 opinionibus,
1139 282 1191 329 non

124 354 258 432 scientia,
281 357 462 422 continetur,
485 354 561 421 Nam
584 367 612 422 et
635 358 717 443 apud
738 378 790 423 eos
812 358 950 437 dicimus,
974 361 1030 446 qui
1052 361 1189 437 nesciunt

125 463 154 518 et
176 474 211 519 ea
234 453 372 531 dicimus,
395 474 473 539 quae
495 454 646 521 nescimus
669 457 735 541 ipsi.
766 456 871 542 ltaque
893 467 924 522 et
946 457 993 522 illi
1016 458 1093 525 alias
1120 458 1190 525 aliud

124 550 233 618 iisdem
255 552 293 617 de
316 553 407 618 rebus
423 563 453 617 et
468 553 604 619 sentiunt
618 564 649 618 et
663 554 798 620 iudicant
813 565 843 620 et
859 575 913 620 nos
929 557 1100 623 contrarias
1113 577 1190 642 saepe

87 727 92 731 ¹
124 670 227 717 causas
249 651 387 729 dicimus
418 672 478 717 non
507 652 597 718 modo
623 663 657 718 ut
684 652 807 719 Crassus
835 664 940 720 contra
969 675 1021 720 me
1043 655 1122 722 dicat
1146 657 1189 721 ali·

125 749 246 834 quando
269 760 321 815 aut
349 771 403 835 ego
432 760 536 815 contra
565 749 716 829 Crassum,
752 772 820 817 cum
852 753 992 819 alterutri
1019 773 1139 820 necesse
1157 754 1188 817 sit

125 847 234 913 falsum
258 848 366 925 dicere,
390 848 557 914 sedetiam
586 860 620 915 ut
649 860 778 935 uterque
807 859 947 917 nostruin
975 851 1086 918 eadem
1107 852 1142 918 de
1160 871 1187 917 re
1216 872 1219 943 ᾗ

124 946 198 1010 alias
221 946 304 1011 aliud
326 945 478 1023 defendat,
501 967 570 1012 curn
592 949 662 1033 plus
684 967 746 1013 uno
775 968 883 1014 verum
913 969 980 1014 esse
1007 970 1070 1016 non
1096 949 1184 1037 possit.
1213 974 1219 1041 ξ

125 1043 162 1109 Ut
185 1043 276 1128 igitur
299 1045 329 1108 in
353 1044 418 1129 eius
441 1044 522 1110 rnodi
547 1066 589 1121 re,
613 1066 691 1130 quae
713 1046 871 1112 mendacio
894 1047 966 1113 nixa
990 1048 1038 1126 sit,
1063 1068 1136 1134 quae
1154 1046 1183 1111 ad

125 1142 282 1207 scientiam
304 1162 366 1207 non
390 1163 480 1227 saepe
502 1145 672 1229 perveniat,
696 1164 774 1229 quae
800 1144 960 1230 opiniones
985 1146 1143 1213 hominum
1160 1154 1183 1209 et

124 1258 214 1323 saepe
236 1258 356 1304 errores
378 1250 554 1325 aucupetur,
583 1241 623 1306 ita
650 1241 758 1318 dicant,
789 1241 814 1306 si
842 1261 964 1307 causam
986 1244 1101 1329 putatis
1121 1261 1180 1317 esse,

123 1356 178 1402 cur
200 1336 337 1402 audiatis

64 1458 95 1512 31
134 1504 137 1511 ,
167 1435 269 1502 lllll.
291 1435 350 1501 Nos
373 1456 445 1502 vero
467 1447 497 1502 et
519 1437 608 1501 valde
631 1437 765 1522 quidem,
783 1436 905 1503 Catulus
921 1437 1032 1524 inquit,
1045 1449 1179 1525 putamus,
1209 1458 1219 1549 Ξ

124 1543 214 1618 atquo
223 1555 257 1599 eo
270 1535 374 1621 magis,
383 1534 464 1619 qnod
477 1536 562 1599 nulla
574 1534 651 1598 rnilri
664 1535 866 1601 ostentatione
873 1535 988 1601 videris
1001 1557 1067 1603 esse
1078 1554 1178 1604 usuru-
1212 1560 1219 1613 ·,

124 1632 254 1698 Exorsus
276 1653 308 1698 es
330 1633 413 1697 enirn
437 1653 497 1697 non
519 1632 657 1718 gloriose,
675 1643 708 1698 ut
731 1643 763 1698 tu
784 1640 883 1718 potae,
899 1635 996 1720 magis
1019 1657 1035 1700 a
1059 1635 1177 1707 veritate,
1214 1644 1219 1725 j

64 1747 96 1799 32
123 1751 214 1815 quarn
239 1731 280 1815 [a]
304 1731 404 1795 nescio
423 1750 481 1814 qua
504 1730 659 1815 dignitate.
705 1730 742 1796 Ut
756 1731 849 1818 igitur
864 1731 902 1797 de
920 1732 986 1818 ipso
1002 1747 1177 1820 generosum
1214 1730 1219 1827 j

122 1828 283 1904 confessus,
308 1829 408 1913 inquil
426 1829 582 1905 Antonius,
599 1839 695 1894 arteni
711 1849 775 1894 esse
791 1849 854 1894 non
870 1831 1047 1910 maximam,
1064 1831 1103 1897 sic
1117 1824 1177 1894 illud
1214 1866 1219 1931 3

68 1924 74 1937 '
122 1925 261 2003 adfirmo,
274 1936 433 2011 praecepto
449 1947 536 2011 posse
552 1927 701 2011 qrroedarn
718 1927 781 1992 dari
799 1938 942 2012 peracuta
957 1929 996 1994 ad
1011 1938 1177 2015 pertractan-
1215 1948 1219 1997 t

122 2023 175 2088 dos
198 2025 315 2088 animos
346 2025 507 2090 hominurn
536 2036 565 2089 et
594 2025 631 2089 acl
661 2024 854 2110 excipiendas
877 2046 985 2091 eorum
1012 2029 1175 2094 voluntates.
1216 2024 1219 2041 ¹

122 2122 216 2188 lluius
231 2123 274 2188 rei
290 2122 447 2189 scientiam
462 2123 486 2186 si
506 2123 573 2208 quis
589 2124 670 2188 volet
685 2143 826 2209 magnam
844 2123 1000 2209 quandam
1015 2136 1112 2191 artem
1125 2138 1175 2188 esse
1217 2146 1219 2157 ·

121 2220 230 2297 dicere,
254 2241 315 2286 non
332 2221 516 2307 repugnabo.
535 2221 662 2297 Etenim,
679 2222 903 2306 complerique
925 2232 1043 2288 temere
1057 2243 1090 2288 ac
1106 2220 1175 2286 nulla
1216 2254 1219 2259 -

122 2320 239 2385 ratione
260 2341 363 2385 causas
386 2321 417 2385 in
441 2320 506 2385 foro
529 2321 638 2395 dicant,
663 2319 806 2384 nonnulli
830 2330 932 2385 autern
958 2332 1086 2406 propter
1110 2335 1177 2385 exer·
1216 2364 1219 2383 2

120 2419 294 2484 citationem
321 2429 373 2483 aut
400 2429 527 2504 propter
555 2416 807 2483 consuetudinem
838 2418 974 2502 aliquam
1004 2419 1137 2484 callidius
1154 2411 1177 2477 il

121 2516 239 2592 iaciant,
264 2536 325 2580 non
348 2526 393 2580 est
415 2515 543 2581 dubiunr
566 2514 651 2600 quin,
681 2516 704 2578 si
733 2515 801 2600 quis
828 2515 1090 2595 animadverterit,
1117 2507 1175 2600 qnid
1199 2564 1218 2575 ..

187 2706 240 2748 30.
256 2705 340 2748 actio
355 2704 397 2758 qui
412 2705 479 2748 vale:
499 2704 603 2748 attivilo.
624 2726 649 2733 —
671 2718 742 2748 cum
763 2705 930 2750 alterutri
987 2706 1094 2752 sebbene
1114 2702 1177 2749 oll’uo

92 2781 95 2789 '
120 2776 157 2820 ‹le'
172 2775 226 2819 «lue.
246 2799 272 2805 —
291 2776 399 2818 cadem
420 2776 455 2818 rte
476 2788 509 2820 re
530 2776 620 2818 olias
642 2775 735 2819 eliud
754 2795 780 2807 ι-
799 2774 822 2818 in
842 2790 892 2820 una
911 2784 991 2821 stesso
1010 2789 1086 2822 eausa
1099 2789 1125 2821 or
1140 2781 1177 2817 unt

120 2856 191 2899 porte
206 2859 233 2890 or
254 2846 341 2890 l’oltro.
362 2869 387 2879 -
408 2846 577 2891 rrceccdacio
600 2846 676 2889 vtica
698 2847 743 2889 sit
757 2866 784 2879 =
799 2846 819 2889 si
840 2846 910 2891 fondi
932 2847 996 2892 sulla
1017 2838 1178 2901 hugis-al
1216 2834 1219 2843 ¹

120 2917 293 2961 scientiam
315 2930 375 2961 non
396 2930 492 2971 saepe
508 2917 688 2972 perueniat.
699 2917 870 2962 Giustornente
881 2930 982 2962 osservo
993 2916 1176 2974 aquostopunlo
1217 2910 1219 2915 ’

120 2989 286 3033 l’Hornecker
301 2988 345 3033 olro
360 2988 402 3042 qui
418 2989 434 3032 il
450 2992 513 3034 testo
528 3002 575 3033 non
598 2987 698 3032 sodisl'o.
713 2987 805 3041 lul'otti,
825 3002 851 3033 se
870 2989 1033 3043 l'eloquenza,
1052 3002 1119 3035 como
1135 2981 1177 3031 sib

120 3059 187 3104 «letto
201 3072 264 3114 pooo
280 3059 384 3113 innanzi,
398 3073 446 3103 non
462 3059 474 3103 e
489 3061 588 3104 soienzo
601 3060 762 3109 (oratoris...
775 3061 860 3104 orrcnis
875 3061 942 3104 actio
958 3060 1177 3114 opinionibusnott

120 3132 236 3185 scientio,
250 3131 413 3184 corctirtetur),
429 3144 497 3175 corne
511 3130 554 3184 poi
569 3131 590 3175 si
604 3129 653 3183 pue
669 3130 721 3174 (lire
737 3130 760 3173 ‹li
776 3145 831 3175 osso
847 3130 878 3174 od
893 3131 1033 3175 scientiam
1048 3143 1101 3176 non
1113 3131 1177 3178 saep!

116 3202 273 3256 perueniat?
283 3202 303 3246 Ο
314 3201 333 3246 si
345 3201 406 3246 devo
415 3201 466 3246 cliro
478 3201 522 3247 cho
532 3202 641 3245 colentia
651 3201 683 3244 lro
693 3201 735 3253 qui
746 3201 884 3252 significato
894 3205 1032 3254 pregnante
1041 3214 1055 3245 o
1064 3201 1087 3245 lo
1097 3196 1177 3244 lenone

120 3273 244 3326 eguasta.
267 3272 351 3317 l'ercio
367 3273 383 3316 il
402 3273 452 3318 llalr
468 3286 546 3317 overe
565 3271 688 3316 sostituito
704 3276 840 3325 pervertat
858 3271 1044 3325 (sopprimendo
1059 3272 1094 3317 ud
1113 3258 1178 3313 chel

119 3357 215 3388 onrosso
230 3344 262 3387 du
276 3358 308 3388 un
324 3343 361 3387 clo'
376 3343 455 3388 corlici
477 3343 520 3397 piu
542 3342 633 3387 antichi
649 3342 678 3386 erl
694 3342 838 3395 uutorevoli,
857 3341 1051 3397 rubilocensis),
1065 3340 1119 3386 ollrr'
1128 3343 1179 3393 ptr·

119 3416 208 3458 lineat.
222 3414 263 3458 Mu
277 3428 383 3458 nessunu
400 3413 493 3458 sodisl‘o
507 3413 623 3466 eppleno.

162 3502 235 3554 (lap.
254 3500 698 3555 v111.-31.putamos,eioe
717 3514 825 3545 causam
849 3514 910 3554 esse,
931 3514 979 3546 cnr
999 3501 1169 3546 audiamus·-
1216 3520 1219 3529 ·

120 3577 152 3616 nt
175 3577 208 3615 tn
228 3575 344 3626 putas,
359 3571 451 3625 perche
465 3584 544 3615 ovevo
558 3571 625 3615 ‹lotto
641 3572 685 3616 cho
700 3572 852 3625 l'oloquenzo
874 3584 922 3615 nou
944 3571 976 3615 hu
997 3576 1086 3625 orte‚o
1106 3554 1177 3623 perciti
1216 3562 1219 3575 ⁸

121 3641 184 3681 s'rrrc
198 3638 267 3681 vulso
283 3638 338 3681 d’un
355 3637 452 3681 esordio
474 3637 591 3690 sonrplire
613 3652 681 3682 corno
703 3639 727 3682 lu
748 3638 828 3682 verite
842 3640 868 3687 (a
888 3638 1013 3689 acritate).

186 3726 238 3769 32.
255 3726 289 3768 cle
310 3726 380 3778 ipso
400 3737 550 3778 perierem
564 3725 719 3770 consideratu
735 3726 758 3769 lo
780 3726 916 3778 eloquenza
931 3725 1176 3770 rrell’essenzusuo.‘

119 3795 426 3849 oxcl1›1'err‹las;oltri:
442 3795 601 3849 excitandos,
616 3797 771 3850 captandas.
781 3820 806 3826 -
816 3796 910 3840 trulla
926 3800 978 3841 rat
988 3796 1059 3842 ione
1074 3814 1100 3828 -
1115 3792 1176 3835 sanzo
1210 3802 1219 3853 -g

109 3866 185 3910 alcun
200 3865 308 3920 melodo,
323 3868 444 3911 senz'orto
460 3864 484 3909 rli
499 3870 566 3910 sorta
581 3867 676 3911 alcuna.
1216 3864 1219 3869 '
