2526 4246
142 149 192 201 194
524 162 557 200 m.
574 162 679 201 runnu
698 161 861 202 croneoms

141 267 219 353 cipia
240 267 326 332 tarda
349 268 410 331 sint
433 277 462 332 et
485 268 583 332 exitus
606 267 679 332 item
695 266 781 353 spissi
797 266 989 352 et'producti
1008 287 1070 333 esse
1083 264 1171 333 debent

141 368 216 435 Nam
238 390 339 456 neque
361 369 566 436 adsiliendum
588 369 690 434 statim
712 379 757 434 est
787 368 826 434 ad
848 389 945 456 genus
967 369 1043 436 illud
1063 363 1174 435 orationis

142 510 181 517 --
204 472 289 537 abest
311 472 396 537 enim
420 481 516 537 totum
538 493 555 536 a
578 491 666 536 causa
689 482 719 536 et
742 471 883 537 homines
905 471 994 557 prius
1008 472 1103 558 ipsum
1113 464 1174 539 illl,

141 574 221 657 quod
244 575 406 661 proprium
430 575 475 638 sui
504 574 605 639 iudicii
621 585 675 651 est,
692 574 799 640 audire
813 573 992 640 desiderant
1005 612 1047 623 -
1061 594 1117 650 neo,
1128 588 1176 637 cun

142 676 173 740 in
200 698 268 742 eam
298 678 447 742 rationem
482 677 634 761 ingressus
664 677 719 754 sis,
742 677 882 743 celeriter
909 676 1118 744 discedendum
1139 681 1176 739 est

64 790 116 844 214
142 777 206 844 Non
229 780 322 856 enim,
346 781 421 844 sicut
444 789 669 866 argumentum,
686 778 777 845 simul
800 789 890 864 atque
913 780 1046 865 positum
1063 791 1112 856 est,
1124 773 1178 842 adn'·

142 882 226 967 pitur
247 884 440 967 alterumque
463 893 493 947 et
511 881 635 947 tertium
658 881 804 968 poscitur,
829 881 870 947 ita
899 883 1129 949 misericordiam
1145 886 1180 944 tut

143 983 291 1049 invidiam
314 996 366 1049 aut
389 984 587 1061 iracundiam,
611 985 703 1050 simul
726 994 818 1070 atque
840 985 993 1063 intuleris,
1016 986 1107 1072 possis
1126 1000 1180 1048 ron·

141 1107 275 1151 movere.
300 1089 521 1171 Argumentum
544 1087 621 1152 ratio
637 1088 702 1173 ipsa
717 1087 887 1165 confirmat,
908 1088 1002 1174 idque
1017 1090 1180 1171 simulatque

142 1189 287 1254 emissum
314 1201 375 1265 est,
400 1190 600 1265 adhaerescit;
631 1190 708 1256 illud
735 1200 838 1256 autem
863 1210 960 1276 genus
983 1192 1120 1258 orationis
1138 1202 1180 1253 non

141 1291 344 1377 cognitionem
367 1292 484 1371 iudicis,
501 1292 552 1357 sed
568 1292 664 1377 magis
678 1292 940 1379 perturbationem
964 1294 1100 1380 requirit,
1115 1305 1180 1378 quan

140 1394 282 1480 consequi
307 1395 364 1459 nisi
390 1398 486 1461 inulta
509 1406 538 1460 et
560 1395 645 1459 varia
661 1405 692 1461 et
706 1395 824 1480 copiosa
839 1396 978 1461 oratione
993 1407 1024 1462 et
1039 1395 1122 1462 simili
1134 1409 1181 1459 con·

64 1507 115 1561 215
140 1497 277 1563 tentione
299 1498 425 1564 actionis
457 1517 548 1564 nemo
573 1507 681 1582 potest.
727 1495 828 1580 Quare
852 1497 904 1583 qui
928 1509 983 1565 aut
1006 1499 1131 1565 breviter
1146 1499 1181 1559 aut

141 1599 290 1665 submisse
316 1600 434 1677 dicunt,
465 1601 572 1666 docere
599 1600 729 1665 iudicem
758 1610 898 1685 possunt,
929 1620 1119 1668 commovere
1139 1610 1182 1663 not

140 1713 280 1788 possunt;
295 1704 401 1789 inquo
416 1715 487 1769 sunt
503 1703 615 1769 omnia.
629 1701 692 1767 lam
707 1703 783 1768 illud
799 1703 997 1789 perspicuum
1008 1716 1063 1782 est,
1075 1701 1183 1770 omnim

142 1825 246 1870 rerum
269 1806 301 1870 in
324 1807 490 1872 contrarias
511 1816 614 1892 partes
636 1805 808 1871 facultatem
831 1826 869 1871 er
891 1805 1003 1873 iisdem
1025 1794 1183 1894 suppeditari

142 1908 222 1972 loeis.
247 1908 305 1972 Sed
329 1920 510 1995 argumento
532 1908 736 1990 resistendum
764 1917 811 1972 est
832 1919 884 1974 aut
906 1908 953 1985 iis,
979 1930 1057 1995 qnae
1078 1920 1184 1992 comprtr

142 2009 232 2074 bandi
256 2011 321 2076 eius
336 2032 423 2077 causa
440 2022 613 2088 sumuntur,
630 2010 892 2095 reprehendendis
908 2021 960 2077 aut
976 2002 1184 2079 demonstrando

141 2112 182 2189 id,
205 2113 286 2198 quod
308 2114 489 2181 concludere
512 2114 557 2178 illi
580 2113 693 2191 velint,
721 2134 784 2178 non
811 2101 896 2179 effici
911 2134 951 2180 ex
973 2113 1127 2203 propositis
1145 2121 1185 2201 nel

140 2235 205 2280 esse
227 2237 428 2302 consequens;
452 2229 513 2293 aut,
536 2216 560 2280 si
584 2215 624 2281 ita
644 2236 705 2281 non
730 2215 860 2294 relellaS,
883 2216 1088 2285 adferendum
1109 2224 1145 2282 ost
1162 2207 1184 2271 it

140 2319 323 2384 contrariam
350 2330 483 2405 partem,
513 2318 593 2404 quod
619 2318 657 2382 sit
683 2329 736 2384 aut
760 2318 883 2404 gravius
908 2329 962 2385 aut
989 2341 1086 2408 aeque
1106 2327 1184 2405 grate·

141 2599 170 2639 et
185 2597 350 2649 producti.
364 2595 474 2651 spiceus
491 2597 515 2641 in
530 2594 578 2640 Cic.
593 2596 661 2639 vele:
677 2595 825 2649 complicato
840 2609 853 2641 e
868 2594 1010 2651 feticosme
1025 2590 1186 2662 quindi:lontt1·

141 2665 269 2710 Producti
286 2666 328 2716 (do
345 2680 397 2721 pro
416 2681 429 2710 e
449 2669 523 2717 duco)
541 2665 696 2718 significare:
716 2665 784 2711 tiruti
801 2666 824 2710 in
844 2666 928 2720 lungo.
948 2666 1070 2715 diffusi...
1082 2691 1106 2700 -
1117 2661 1186 2729 οὐδ”,

143 2735 489 2783 lieetdum...eet=·vuolsi
501 2736 618 2783 entrordi
629 2737 822 2791 sotto-quod
836 2738 1011 2792 proprium
1027 2740 1079 2784 eui
1093 2724 1185 2783 iudlvb

142 2811 188 2850 eet
202 2823 228 2839 —
243 2806 287 2851 che
302 2808 350 2852 essi
365 2808 479 2854 debbono
493 2807 628 2862 giudicere.

210 2920 280 2964 214.
296 2921 465 2975 intuleris,
487 2920 541 2966 cine
560 2935 617 2965 earn
637 2922 782 2966 orationem
801 2934 814 2965 o
834 2922 862 2965 id
877 2934 958 2976 aereus
981 2925 1119 2976 orationis,
1135 2916 1187 2985 0⁰!e

143 2990 312 3042 l,29:eolebal
330 2991 404 3035 Getta
424 3003 538 3037 narrare
554 2990 682 3036 Graecum
702 3004 848 3036 sermonem
869 2993 1003 3046 quendem
1023 2994 1055 3039 de
1074 2978 1189 3039 stated*

143 3062 217 3106 rendi
230 3062 359 3106 intulisse.
370 3061 432 3106 Puni
442 3062 566 3107 trodurre:
576 3066 640 3107 tosto
656 3062 700 3106 ebe
715 3062 773 3106 ebbi
788 3066 884 3107 toccato
899 3067 988 3116 questo
1002 3068 1102 3112 testo...
1111 3046 1189 3113 (Sffl'

144 3156 169 3163 -
191 3133 408 3177 adhaerescit.
430 3132 495 3177 Note
511 3133 556 3177 ohe
572 3132 614 3185 qui
635 3133 821 3178 adiraerescere
840 3133 909 3178 vele:
931 3138 1039 3180 ‹restnr
1058 3123 1189 3189 impmtsl’

143 3218 156 3248 o
171 3203 216 3248 che
231 3203 251 3247 si
266 3203 385 3258 potrebbe
400 3207 562 3256 premettero:
577 3204 653 3256 suole,
667 3202 846 3248 considerando
860 3207 949 3256 questo
958 3209 1073 3252 conootto
1082 3191 1191 3261 nometi?

144 3273 206 3318 dizio
222 3288 235 3319 ο
251 3280 365 3318 sentcnza
381 3274 505 3325 generale.
515 3273 538 3318 Si
549 3273 697 3318 sottintonde
708 3273 761 3327 poi:
776 3275 811 3318 ad
821 3274 924 3319 animoa
933 3275 1060 3322 iudicum.
1068 3300 1094 3308 -
1106 3257 1192 3319 dimid*

143 3346 347 3390 contentione
371 3344 513 3388 actionis
533 3365 559 3378 -
580 3357 625 3388 con
648 3345 733 3389 orione
755 3345 879 3389 vibratae
901 3344 1072 3400 similemne:
1088 3326 1192 3391 mulind

145 3416 219 3459 uaria
235 3419 258 3459 et
272 3416 383 3469 copiosa.

210 3537 278 3579 215.
293 3540 367 3580 errrrt
384 3537 488 3580 omnia
503 3557 529 3570 υ
543 3542 581 3581 sta
597 3540 659 3580 tutto
676 3536 691 3580 il
707 3542 827 3592 punto-
842 3538 873 3582 in
887 3541 1078 3585 contrariae
1099 3529 1193 3597 parm

145 3626 169 3632 ·-
184 3619 197 3648 e
212 3619 258 3659 por
278 3606 342 3649 l'unu
365 3610 436 3658 porte
456 3621 468 3650 r
490 3621 535 3668 per
557 3608 647 3651 l'nltru.
668 3631 693 3638 —
716 3612 772 3653 aut
794 3609 872 3655 iis...
897 3605 1192 3664 reprehendendis*

144 3688 158 3719 0
180 3674 347 3718 dimostrundo
370 3676 569 3721 l’insussistonzu
591 3676 630 3721 del
652 3677 810 3722 fondamento
832 3677 871 3723 cui
889 3680 1081 3733 s’appoggiono.
1104 3701 1127 3710 -
1145 3670 1191 3717 ''⁰''

144 3745 238 3800 effici
259 3760 292 3789 er
310 3749 495 3801 proponitis
509 3768 536 3781 =
549 3762 596 3792 non
612 3747 743 3793 discender
758 3749 822 3794 delle
838 3762 970 3803 premesse.
983 3774 1011 3782 -
1031 3752 1063 3796 in
1084 3747 1192 3795 rcrrlrss'

143 3817 228 3860 riona
248 3821 382 3870 partem,
396 3826 481 3861 rontrn
497 3818 662 3872 l'nvrrrsario,
673 3820 696 3862 ln
707 3825 777 3872 purte
793 3833 903 3863 nvrerse.
917 3842 943 3850 --
958 3833 1057 3876 aeque
1075 3818 1192 3876 Μεθ’

136 3885 164 3929 di
178 3887 253 3941 egium
268 3887 344 3935 forari.
