2526 4246
252 194 294 232 nn
312 192 459 234 onnronn
471 194 531 234 nna.
544 194 594 247 111,
614 193 825 244 cnr.L1x-nx‚
845 181 962 232 §atoma
1093 180 1143 244 365

66 299 178 366 Oculos
200 308 303 365 autem
326 309 436 364 natura
458 298 555 376 nobis,
575 309 609 365 ut
624 320 702 385 equo
724 310 754 365 et
777 300 859 366 leoni
882 309 988 378 saetas,
1004 298 1141 378 caudam,

64 423 167 479 aures,
182 402 221 467 ad
243 411 343 467 motus
366 401 540 467 animorum
556 400 754 468 declarandos
777 402 870 468 dedit.
915 402 1016 487 Quare
1032 404 1064 468 in
1088 403 1143 468 hac
1169 419 1222 474 223

65 514 171 570 nostra
193 503 311 570 actione
333 503 500 569 secundum
514 524 620 569 vocem
635 506 738 571 vultus
761 505 858 585 valet3
882 505 907 569 is
925 514 1028 571 autem
1049 505 1143 571 oculis

64 607 265 694 gubernatur.
290 607 386 692 Atque
407 607 440 671 in
462 606 500 670 iis
522 607 675 685 omnihus,
698 626 777 692 quae
807 618 879 674 sunt
905 607 1040 684 actionis,
1064 608 1142 674 inest

65 709 218 796 quaedam
242 709 327 774 visa
350 719 458 774 natura
481 708 560 774 data.
585 708 685 793 Quare
712 709 804 775 etiam
829 710 885 776 hac
915 710 1062 796 imperiti,
1087 710 1142 776 hac

65 815 191 900 vulgus,
215 812 272 877 hac
298 812 431 897 denique
463 811 586 877 barbari
609 812 743 878 maxime
777 823 1016 879 commoventur.
1041 813 1141 879 Verba

66 915 153 981 enim
176 913 333 979 neminem
356 924 481 979 movent
504 914 561 978 nisi
585 934 666 990 eum,
683 914 735 1000 qui
751 914 888 980 eiusdem
911 915 1034 1000 linguae
1052 915 1141 981 socie-

61 1014 129 1082 tate
151 1016 329 1081 coniunctus
344 1026 405 1095 est;
421 1015 650 1101 sententiaeque
665 1037 755 1102 saepe
775 1027 879 1083 acutae
899 1036 961 1082 non
984 1028 1141 1083 acutorum

67 1118 230 1185 hominurn
253 1138 359 1184 sensus
381 1120 622 1205 praetervolant:
645 1119 731 1197 actio,
754 1139 834 1204 quae
860 1139 934 1207 prae
960 1139 993 1185 se
1024 1130 1141 1185 motum

67 1221 162 1287 animi
186 1221 254 1299 tert,
278 1207 385 1286 omnes
406 1233 525 1301 movet;
550 1221 658 1287 iisdem
681 1222 765 1287 enim
796 1223 933 1288 omniurn
958 1223 1054 1287 animi
1080 1243 1142 1287 mo-

68 1325 149 1390 tibus
171 1324 360 1390 concitantur
375 1334 405 1390 et
426 1345 477 1390 eos
500 1324 608 1389 iisdem
626 1324 705 1390 notis
729 1335 759 1389 et
781 1325 813 1390 in
837 1325 905 1390 aliis
927 1335 1094 1410 agnoscunt
1112 1336 1142 1390 et

68 1427 101 1493 in
124 1447 156 1492 se
178 1427 236 1512 ipsi
259 1427 405 1492 indicant.

109 1529 185 1596 LX.
208 1529 253 1594 td
281 1529 407 1596 actionis
435 1542 538 1596 autem
571 1550 662 1596 usum
694 1541 786 1615 atque
817 1528 940 1596 laudern
973 1530 1140 1596 maximam
1166 1544 1217 1599 224

69 1633 135 1699 sine
157 1632 250 1699 dubio
272 1643 393 1718 partem
419 1653 478 1698 vox
505 1633 637 1711 obtinet;
661 1653 739 1718 quae
765 1633 903 1719 primum
934 1643 979 1698 est
1008 1633 1140 1719 optanda

69 1736 170 1815 nobis;
187 1735 308 1813 deinde,
325 1756 534 1821 quaecumque
556 1737 624 1814 erit,
640 1756 675 1801 ea
689 1735 812 1802 tuenda.
835 1736 881 1802 De
902 1754 963 1820 quo
985 1735 1062 1803 illud
1079 1734 1139 1802 iarn

70 1839 149 1904 nihil
172 1838 210 1904 ad
234 1838 291 1904 hoc
311 1838 519 1924 praecipiendi
542 1859 647 1926 genus,
671 1859 762 1924 quem
785 1839 970 1905 admodum
994 1840 1059 1905 voci
1080 1861 1139 1906 ser-

68 1942 185 2020 viatur;
201 1941 344 2026 equidem
359 1950 462 2006 tamen
485 1961 595 2028 magno
617 1961 710 2028 opere
728 1961 836 2007 censeo
858 1941 1069 2022 serviendum
1087 1943 1139 2009 sed

25 2108 31 2113 .
68 2043 145 2109 illud
160 2042 282 2108 videtur
297 2042 335 2107 ab
359 2043 449 2109 huius
472 2043 567 2128 nostri
591 2043 741 2109 sermonis
756 2043 854 2108 officio
877 2063 938 2108 non
962 2043 1138 2121 abhorrere,

25 2188 29 2221 ·.
69 2147 166 2232 quod,
189 2156 223 2212 ut
245 2146 306 2210 dixi
331 2149 422 2231 paulo
449 2156 533 2223 ante,
557 2145 699 2231 plurimis
727 2146 757 2210 in
782 2146 873 2212 rebus
896 2146 976 2230 quod
1006 2148 1139 2212 maxime

25 2256 27 2261 '
68 2261 111 2315 est
133 2249 218 2325 utile,
248 2249 279 2313 id
302 2249 402 2314 nescio
425 2269 485 2334 quo
507 2259 594 2334 pacto
616 2248 708 2314 etiarn
728 2248 813 2314 decet
835 2249 977 2315 maxime.
1003 2248 1079 2314 Nam
1101 2249 1139 2314 ad

67 2372 173 2419 rocem
199 2352 398 2418 obtinendam
427 2351 506 2416 nihil
534 2361 578 2417 est
609 2351 714 2418 utilius
742 2371 835 2436 quam
863 2352 969 2416 crebra
997 2352 1137 2431 mutatio;

67 2457 145 2522 nihil
168 2455 368 2541 perniciosius
389 2475 482 2540 quam
504 2454 599 2519 eiiusa
630 2454 696 2519 sine
728 2454 954 2519 intermissione
976 2455 1137 2521 contentio.

66 2558 165 2642 Quid?
180 2558 219 2623 ad
241 2579 330 2624 aures
352 2569 470 2623 nostras
484 2567 514 2622 et
536 2557 662 2622 actionis
684 2556 876 2632 suavitatem,
893 2556 966 2642 quid
991 2568 1036 2624 est
1055 2558 1140 2623 vicis·
1166 2567 1218 2622 225

71 2751 362 2762 ——--—-

66 2853 184 2907 nppunto
204 2849 295 2903 perche
317 2853 355 2893 est
376 2850 443 2893 actio
464 2849 542 2902 qnasi·
556 2860 642 2892 eermo
664 2849 781 2902 corporis
802 2852 880 2898 (come
899 2848 917 2892 il
936 2849 1082 2903 linguaggio
1100 2851 1140 2895 del

66 2920 163 2974 corpo),
181 2918 243 2963 deve
262 2919 363 2962 ritrurre
383 2933 397 2962 a
415 2918 519 2972 pontino
539 2918 555 2961 il
570 2917 686 2972 pensiero
701 2917 768 2961 delle
782 2922 870 2962 mente.

131 3038 207 3081 223.
225 3037 399 3081 secundnm
417 3055 443 3072 =
463 3036 535 3089 dopo.
557 3059 583 3066 —
604 3037 699 3081 hec...
722 3035 817 3080 tuac...
842 3035 917 3088 hae;
937 3040 997 3080 nota
1016 3036 1041 3080 la
1061 3037 1140 3089 figura

65 3110 182 3154 eiusdem
203 3108 308 3154 verbi...
334 3108 456 3162 aprime
474 3107 601 3160 repetitio,
623 3110 633 3155 t
655 3107 701 3149 206.
727 3128 753 3135 —
775 3105 959 3158 imperiti...
984 3107 1135 3160 vulpes...

65 3179 201 3225 barbari
215 3191 274 3223 sono
289 3178 393 3231 disposti
408 3178 432 3220 in
448 3176 533 3222 ordine
553 3176 577 3220 di
596 3177 735 3230 productim
754 3179 764 3225 t
783 3178 831 3220 aur.
846 3199 873 3206 —
887 3188 948 3220 non
970 3179 1140 3221 aentornne

64 3250 227 3295 leontinum
247 3260 361 3292 senene
377 3247 641 3302 praetervolent,
662 3259 710 3290 non
730 3258 790 3290 sono
812 3245 932 3289 avrertite
948 3245 980 3289 de
1001 3246 1040 3290 chi
1062 3246 1139 3290 nond

64 3328 151 3374 acut03
178 3319 439 3374 praetervolant,
461 3331 554 3371 possen
571 3318 633 3361 oltre
648 3329 722 3361 senze
737 3321 847 3370 toccare;
868 3317 891 3360 lo
910 3316 1032 3361 metufora
1051 3318 1140 3361 etoita

64 3392 132 3445 degli
146 3390 236 3435 uecelli
251 3404 263 3434 e
279 3389 299 3433 si
315 3389 380 3433 disse
395 3387 497 3432 insieme
513 3401 525 3432 e
551 3387 615 3432 delle
635 3392 688 3432 uste
708 3401 720 3431 e
741 3387 805 3432 delle
826 3400 883 3432 cose
904 3387 998 3431 morali.
1017 3411 1041 3418 -
1059 3401 1140 3441 pree

66 3476 109 3508 ee.
119 3498 138 3509 ..
159 3462 227 3516 sert
241 3461 280 3504 uei
295 3465 400 3514 quanto:
415 3459 535 3504 ostendit.
548 3481 574 3489 -
589 3459 704 3502 iisdem
719 3458 826 3503 necorde
840 3471 884 3503 eon
900 3459 1019 3503 rnotibue.

105 3577 180 3629 Cap.
202 3575 269 3619 LX.
288 3598 314 3605 -
335 3573 411 3618 224.
434 3586 524 3618 nen-m
550 3576 645 3626 atque
669 3573 815 3626 landem
839 3571 945 3616 endindi.
966 3596 992 3603 -
1016 3586 1051 3617 ea
1072 3578 1136 3622 (uon)

67 3651 141 3692 tnen
150 3647 167 3690 d
174 3659 191 3689 a
201 3665 226 3681 π
237 3645 291 3689 eii’e
307 3644 337 3688 dn
353 3656 507 3689 conservare.
517 3667 543 3673 —
559 3643 626 3687 coci
643 3643 822 3688 servietur.
837 3642 883 3696 Qui
894 3643 977 3687 acreio
988 3644 1025 3688 coi
1041 3643 1090 3687 dm.
1100 3645 1139 3689 vul

64 3726 169 3774 quanto:
183 3717 264 3760 habeo
275 3716 448 3760 rationem-
459 3714 583 3769 ossicio.
597 3713 651 3757 fine.
662 3727 754 3767 —qno
771 3717 905 3769 poeto:
916 3727 1028 3758 eome-
1040 3728 1139 3759 nocem

63 3788 280 3834 obtinendam.
303 3786 379 3830 Altri:
400 3798 485 3830 vocem
507 3786 534 3829 in
556 3785 664 3828 dicendo
686 3785 869 3839 obtinendam;
890 3785 959 3830 altri:
979 3786 1007 3830 in
1031 3787 1138 3830 dicendo

63 3859 198 3904 inciudant.
212 3881 239 3888 -
255 3857 364 3911 essnea
383 3856 454 3900 aitte
476 3855 721 3900 intermissione
743 3855 906 3900 contentio
920 3873 946 3890 =
961 3855 977 3900 il
993 3856 1137 3901 continuere

65 3933 90 3977 lo
106 3936 185 3975 stesso
200 3935 274 3972 tuono
290 3928 430 3982 impetuoso
444 3940 519 3972 senza
535 3925 739 3983 interromperio.
