2526 4246
138 170 190 225 ‘nia
531 184 564 225 nr.
583 184 689 225 rcum
705 183 871 227 memnonos

62 308 113 362 169
183 292 319 359 XLIII.
365 293 525 358 Abutimur
546 312 637 378 saepe
657 292 751 358 etiam
768 291 863 357 verbo
886 310 949 356 non
971 300 1032 355 tam
1052 291 1175 374 eleganter

140 415 232 480 quam
256 396 288 460 in
312 395 533 472 transferendo,
549 395 602 460 sed
624 394 743 460 etiamsi
766 393 916 470 licentius,
932 403 1033 458 tamen
1053 387 1178 456 intertium
1222 406 1234 435 ·.

140 518 202 563 nou
232 498 446 585 impudenter,
473 508 507 563 ut
535 516 604 564 cum
632 496 806 585 grandem
833 496 1005 562 orationem
1029 515 1083 580 pro
1104 495 1179 576 longa,

140 600 321 667 minutum
344 601 503 667 animum
526 621 583 687 pro
600 620 697 686 parvo
711 599 850 666 dicimus.
862 598 980 665 Verum
995 597 1046 692 illa
1061 594 1182 661 videtisne

140 723 205 768 osse
228 724 289 769 non
313 703 409 781 verbi,
432 703 485 769 sed
507 702 661 780 orationis,
685 722 763 788 quae
785 701 997 787 expluribus
1020 711 1053 766 ut
1074 696 1183 784 exposui,

140 806 391 872 translationibus
412 826 526 872 conexa
548 810 643 871 sunt?
667 805 741 871 haec
763 814 876 882 autem,
892 823 972 889 quae
987 812 1039 869 aut
1054 803 1185 867 immutata
1232 813 1239 834 ⁵

140 926 205 972 esse
227 907 289 972 dini
313 918 365 974 aut
387 908 476 973 aliter
498 907 702 994 intellegenda
724 927 759 972 ac
779 905 964 983 dicerentur,
980 915 1052 971 sunt
1067 903 1186 968 translata
1232 912 1235 918 ¹

64 1023 114 1077 tau
141 1009 272 1093 quonlam
295 1010 394 1075 modo.
440 1010 482 1076 lta
502 1010 545 1088 fit,
561 1020 594 1077 ut
609 1010 709 1076 omnis
724 1010 915 1095 singulorum
934 1007 1100 1074 verborum
1113 1004 1187 1069 virtus

140 1120 231 1196 atque
254 1113 320 1177 laus
343 1113 440 1177 trihus
462 1113 586 1179 exsistat
608 1133 644 1178 en
669 1112 775 1179 rebus:
799 1111 823 1176 si
846 1121 900 1177 aut
913 1121 1071 1177 vetustum
1085 1107 1189 1174 verhun

140 1213 187 1290 sit,
211 1213 292 1298 quod
317 1224 418 1280 tamen
440 1215 625 1281 consuetudo
647 1215 728 1281 serre
750 1213 864 1300 possit;
884 1223 938 1279 aut
954 1212 1067 1278 lactum
1082 1212 1190 1277 velcon

140 1315 295 1382 iunctione
317 1318 366 1382 uel
391 1318 541 1395 novitate,
566 1318 597 1382 in
622 1338 682 1403 quo
712 1317 784 1382 item
807 1325 852 1381 est
874 1315 1001 1381 auribus
1028 1308 1192 1380 consuetudi·
1234 1308 1237 1313 ’

141 1419 235 1504 nique
262 1419 471 1506 parcendum3
495 1430 547 1486 aut
575 1421 772 1497 translatum,
797 1418 878 1504 quod
901 1418 1038 1484 maxime
1060 1427 1192 1502 tamquam

141 1523 236 1588 stellis
259 1522 440 1608 quibusdam
464 1533 548 1589 notat
571 1534 601 1588 et
623 1523 779 1589 illuminat
800 1521 982 1587 orationem.

65 1633 112 1686 171
184 1626 328 1710 Sequitur
357 1625 543 1691 continuatio
569 1625 752 1701 verborum,
783 1643 861 1709 quae
888 1623 967 1689 duas
993 1644 1043 1689 res
1069 1621 1194 1693 maxime,

141 1728 368 1793 collocationem
391 1727 537 1813 primum,
561 1727 672 1794 deinde
697 1726 823 1793 modum
846 1725 1003 1811 quendam
1026 1725 1196 1807 formamque

140 1828 301 1893 desiderat.
326 1829 535 1895 Collocationis
565 1840 610 1895 est
638 1848 822 1914 componere
844 1838 874 1893 et
896 1838 1016 1894 struere
1039 1827 1130 1893 verba
1158 1824 1196 1897 sic,

141 1942 174 1995 ut
197 1950 275 1995 neve
298 1951 388 2016 asper
416 1952 523 1998 eorum
544 1952 706 1997 concursus
733 1951 812 1997 neve
840 1930 961 1997 hiulcus
991 1930 1044 2008 sit,
1070 1929 1122 1996 sed
1142 1945 1198 2013 quo

142 2032 325 2097 dammodo
351 2043 575 2120 coagmentatus
601 2044 631 2099 et
653 2034 739 2099 levis,
766 2033 799 2097 ln
826 2053 886 2119 quo
907 2033 1010 2117 lepide
1033 2031 1125 2098 soceri
1149 2027 1197 2094 mei

142 2340 215 2384 ltalln
229 2340 312 2387 radice
326 2341 357 2394 sn
372 2339 392 2384 si
406 2339 485 2384 formo
500 2339 516 2383 il
531 2337 638 2392 perlecto
649 2338 716 2393 suoi,
727 2336 807 2382 donde
821 2337 878 2391 poi:
890 2337 940 2392 sui,
954 2336 1000 2382 che
1014 2336 1080 2382 servl
1093 2334 1173 2390 poscis
1181 2331 1199 2376 nl

141 2411 217 2455 verbo
232 2424 299 2455 accon.

183 2538 306 2582 XLIII.
325 2561 351 2568 -
371 2537 440 2582 lot).
455 2536 634 2581 Abutimur.
644 2534 691 2588 Qui
701 2535 721 2579 si
733 2547 842 2579 occeano
856 2534 881 2578 al
900 2538 973 2588 tropo
991 2535 1084 2580 abust'o
1102 2549 1116 2581 o
1133 2523 1202 2580 κατά·
1236 2556 1239 2609 3

142 2627 248 2677 χρησις,
267 2618 307 2672 pel
324 2618 398 2670 quale
416 2616 436 2661 si
452 2630 506 2667 usa,
521 2628 594 2660 senza
610 2614 740 2669 necessita,
754 2628 803 2659 una
819 2613 907 2668 parole
924 2614 949 2657 in
966 2628 1000 2659 un
1017 2615 1153 2669 significato
1167 2613 1203 2658 im·

141 2688 251 2741 proprio.
270 2711 295 2718 -
318 2688 474 2731 licentiore
496 2705 522 2722 =
541 2699 586 2731 con
602 2686 720 2739 alquanto
735 2685 835 2730 lloenza.
855 2708 880 2715 -
898 2684 975 2740 illo,
996 2685 1051 2731 cioc
1069 2683 1202 2741 l'nllegoriat

142 2762 152 2806 t
169 2759 216 2800 1136.
230 2780 257 2788 —
275 2758 436 2801 oideto'enc
450 2775 475 2792 =
490 2768 575 2801 nonne
589 2756 689 2801 oldatie.
703 2778 728 2787 -
743 2768 862 2801 conexa
875 2753 1202 2803 sunit-risultanodallu

141 2826 303 2871 connessione
319 2826 413 2878 (Cimo).
428 2849 453 2856 —
467 2826 642 2871 iannautata
659 2827 756 2879 (cerba)
776 2838 836 2870 sono
851 2837 863 2869 ‹
876 2824 1021 2872 metonimie
1038 2837 1058 2872 ›.

209 2956 280 3000 1⁷0.
295 2957 400 3001 olrtua
420 2956 520 3009 (valore,
535 2956 661 3010 efficacia),
679 2957 778 3003 ...latta
795 2954 908 3010 (aregio).
926 2954 976 3000 cfr.
995 2957 1005 3008 ἒ
1025 2959 1072 3002 163.
1092 2980 1118 2988 -
1135 2952 1203 3012 quon

142 3033 249 3073 tonuere
271 3027 466 3072 consuetudo
487 3027 575 3081 serre
592 3028 708 3083 possit.
722 3026 785 3071 Verli
800 3026 819 3080 I,
833 3027 872 3070 129
886 3029 945 3070 note
960 3026 1010 3071 alle
1023 3028 1127 3082 parole:
1141 3035 1205 3082 quom

144 3100 249 3155 quidem
261 3100 395 3154 probaret.
408 3121 434 3130 -
450 3099 613 3153 facttum...
635 3099 780 3143 nouitate
798 3115 824 3132 =
842 3095 983 3142 fabbricata
1002 3096 1027 3141 di
1047 3111 1109 3143 sona
1125 3097 1206 3152 planta.

143 3196 169 3203 -
184 3174 268 3218 eat...
282 3171 483 3227 parcendum
496 3189 522 3206 =
538 3170 617 3214 vuoloi
631 3170 772 3223 rispettare,
786 3181 845 3213 aver
858 3167 984 3221 rigunrdo.
1001 3191 1029 3200 —
1049 3171 1206 3215 consueto·

143 3244 213 3287 dicti
228 3243 439 3298 parcendum.
458 3241 506 3286 Clr.
520 3241 624 3294 Onnum,
638 3241 723 3296 Epa'st.
738 3240 773 3284 ud
787 3239 905 3293 Pisones,
920 3241 998 3284 71-72:

598 3388 738 3400 ......
756 3352 780 3396 ai
793 3353 859 3397 colet
872 3364 946 3406 uacca,

306 3426 386 3479 Quem
395 3438 476 3480 parces
492 3425 633 3471 arbc'tra'um
648 3427 686 3468 est
701 3427 724 3468 et
738 3424 781 3467 ius
796 3426 820 3467 ei
834 3435 929 3467 norma
943 3423 1075 3479 loquendi.

211 3558 278 3603 171.
295 3558 499 3602 continuatae
513 3557 681 3602 uerborum
696 3554 709 3599 e
722 3555 738 3598 il
749 3553 1067 3608 periodo—modum...
1080 3556 1206 3610 fornoum

144 3644 169 3660 =
190 3628 390 3681 proporziono...
409 3627 550 3671 simmetria.
571 3650 597 3657 -
617 3629 651 3670 cat
672 3639 749 3670 neve
771 3636 903 3679 asper...
921 3623 941 3668 Ε
962 3624 1049 3679 peroio
1071 3626 1106 3679 gli
1127 3620 1206 3670 anilchi

143 3695 263 3742 ‹licevano
278 3697 391 3743 omatibu'
402 3698 535 3752 princeps,
552 3711 599 3742 non
615 3697 735 3742 enantibus
747 3696 879 3750 manceps,
892 3707 938 3750 per
953 3695 1047 3740 evitare
1065 3696 1082 3740 il
1099 3704 1206 3741 concurso

145 3766 170 3811 di
192 3767 336 3812 consonanti
354 3779 434 3820 aspre.
455 3789 480 3797 —
502 3768 646 3821 laiulcus,
669 3766 722 3812 oioe
744 3767 776 3810 du
797 3766 917 3820 produrre
939 3766 963 3811 lo
984 3766 1047 3811 lato.
1067 3767 1161 3813 Ecoone
1179 3775 1205 3808 un

143 3837 254 3893 osompio
270 3836 294 3881 di
313 3837 402 3880 Nerio:
416 3849 460 3881 ooo
474 3839 520 3891 qui
534 3837 650 3882 accolius
665 3836 767 3881 Istrum
776 3837 892 3891 fluuium
908 3839 987 3891 alque
999 3836 1206 3892 Aletrium—ac·

130 3912 205 3960 ceri
219 3911 284 3959 mei
294 3921 452 3968 pernocta,
468 3922 480 3953 ‹
494 3907 601 3955 lucontio
614 3907 715 3962 uorlore
729 3906 917 3959 tluunnsat'uat
929 3905 978 3949 mio
991 3919 1095 3952 suooero
1105 3904 1203 3959 (aaaron
