2526 4246
281 148 324 186 pe
342 148 486 189 onnronn
504 148 564 187 cro.
582 147 605 201 1,
601 146 810 271 ωοΐέμ
736 146 810 194 -1,r·1
858 146 919 188 raes
1099 124 1134 180 25

62 255 200 340 amplius
217 276 313 340 quam
332 256 412 340 quod
430 255 500 321 huic
515 234 648 346 generi
635 270 668 320 re
640 202 864 340 stabaesrtaet
885 254 1017 318 multum
1033 251 1133 337 dispu-

64 367 122 421 tata
132 377 329 423 summorum
341 357 422 423 ho
551 372 771 442 opeponsensu
782 366 827 420 cst
839 355 933 420 tnhu
922 365 1004 433 tum;
1049 372 1134 437 repe

64 470 184 543 tamque
195 479 261 525 non
274 458 332 524 ab'
325 377 707 535 incomestt
580 470 645 524 trae
656 469 725 524 vete
709 459 769 524 eris
780 457 968 544 puerilisque
979 455 1134 521 doctrinae

62 561 215 644 quendam
231 561 375 625 ordinem
389 581 427 646 pr
420 532 630 646 adreptorum,
645 561 698 625 sed
713 580 748 625 ea
751 580 849 644 ‚quae
864 558 1019 644 quondam
1033 577 1132 642 accepi
1124 523 1209 603 ll*

63 663 93 725 in
117 673 184 728 nost
186 682 296 728 rorum
319 661 478 727 hominum
494 663 812 763 eloquentissimorum
836 670 866 726 et
887 680 970 726 omni
963 659 1083 745 dignit
1072 653 1133 722 tane

63 764 240 851 principum
256 763 460 849 disputatione
474 782 553 879 esse
555 729 687 842 vendo&
727 784 767 829 on
727 784 843 849 oquo
859 763 910 829 illa
928 772 1130 835 contemnam,

63 885 140 949 quae
161 864 270 931 Graeci
294 864 413 931 dicendi
437 826 595 980 bhdes
580 865 679 933 eid
713 885 761 930 res
780 864 980 950 reliquerunt,
997 862 1048 927 sed
1064 882 1132 927 cum

64 968 115 1032 illa
136 976 266 1052 pateant
287 968 320 1031 in
341 989 362 1053 p
508 989 545 1033 ue
558 967 619 1033 sint
633 967 784 1043 omnihus,
808 987 907 1052 neque
929 987 963 1031 ea
985 966 1134 1049 interpre-

64 1069 176 1137 tatione
190 1089 264 1134 mea
278 1080 330 1134 aut
377 1152 383 1165 ,
445 1056 485 1136 us'
513 1070 639 1154 inplicari
656 1080 708 1135 aut
721 1069 844 1154 planius
859 1068 989 1153 exprimi
1006 1067 1131 1152 possint,

62 1171 149 1236 dabis
171 1172 255 1237 hanc
277 1173 407 1248 veniam,
430 1173 472 1237 mi
497 1172 598 1248 irater,
622 1180 655 1237 ut
676 1172 794 1256 opinor,
822 1180 856 1236 ut
881 1190 997 1246 eorum,
1023 1169 1132 1254 quibus

63 1293 182 1338 summa
205 1273 328 1338 dicendi
350 1276 416 1339 laus
438 1296 454 1339 a
478 1275 588 1339 nostris
611 1273 787 1339 hominibus
808 1293 945 1338 concessa
960 1283 1014 1350 est,
1036 1279 1133 1336 aucto

64 1375 185 1440 ritatem
208 1373 331 1440 Graecis
353 1386 545 1462 anteponam.
825 1431 827 1435 ,
1112 1338 1222 1443 „·lrll‘l

106 1478 188 1551 vu.
212 1476 320 1555 Cum
313 1479 403 1562 igitur
424 1478 637 1544 vehementius
655 1477 815 1543 inveheret
804 1487 854 1542 tur
868 1477 901 1540 in
916 1496 1036 1542 causam
1050 1458 1134 1559 prin·
1158 1483 1192 1535 24

63 1578 166 1664 cipum
189 1581 296 1644 consul
319 1579 478 1665 Philippus
499 1580 650 1666 Drusique
672 1581 844 1646 tribunatus
865 1599 922 1663 pro
943 1588 1065 1643 senatus
1083 1598 1134 1642 au-

64 1681 202 1746 ctoritate
224 1692 379 1766 susceptus
404 1682 528 1767 infringi
555 1682 616 1746 iam
643 1682 857 1765 debilitarique
881 1680 1047 1754 uideretur,
1074 1678 1133 1744 dici

66 1783 141 1846 mihi
164 1783 295 1855 memini
317 1784 460 1849 ludorum
483 1784 687 1848 Romanorum
710 1783 816 1848 diebus
840 1783 868 1847 h.
892 1781 1032 1847 Crassum
1046 1781 1134 1866 quasi
1192 1812 1221 1825 ·-

65 1884 227 1969 colligendi
240 1886 286 1950 sui
298 1905 383 1950 causa
396 1907 427 1950 se
439 1886 471 1950 in
483 1885 686 1952 Tusculanum
698 1885 871 1963 contulisse3
884 1885 1004 1950 venisse
1015 1884 1131 1961 eodem,

68 2013 125 2021 —.

1159 335 1194 388 23

131 2073 185 2116 23.
201 2076 414 2127 repetamque,
435 2088 485 2119 ecc.
505 2075 525 2118 Il
540 2089 612 2118 senso
628 2074 654 2118 e:
675 2072 706 2118 ue
720 2073 744 2118 io
759 2073 792 2118 mi
807 2071 873 2118 starb
894 2072 937 2126 qui
951 2087 966 2117 a
979 2073 1088 2127 ripetere
1102 2071 1134 2116 do

65 2155 127 2196 capo
141 2143 185 2190 (ab
203 2144 380 2194 incunabulis)
394 2145 453 2199 quei
462 2146 568 2198 precetti
578 2145 622 2189 che
633 2146 664 2189 da
674 2144 784 2189 fonoiulli
794 2145 924 2198 (puerilia)
934 2143 1049 2188 abbiamo
1063 2141 1134 2195 udlti,

68 2208 147 2260 giusta
160 2210 262 2255 l'antica
276 2213 385 2261 (peteris)
394 2226 487 2258 usanza
496 2213 660 2267 d'insegnare.
673 2236 699 2244 ·-
714 2213 751 2256 ab
766 2213 985 2258 incunabulis.
999 2210 1134 2256 Incurre-

68 2279 149 2335 bula,
165 2287 239 2326 usato
254 2281 278 2326 al
292 2281 343 2327 solo
357 2283 426 2338 plur,
446 2285 514 2328 vale:
535 2284 601 2328 fasce
617 2283 682 2328 della
696 2283 768 2336 culla,
782 2295 795 2327 e
810 2282 906 2336 quindi:
926 2283 999 2326 culla.
1019 2282 1048 2325 In
1062 2294 1133 2326 senso

68 2351 177 2400 traslato,
197 2363 268 2395 come
286 2350 341 2403 qui:
362 2350 440 2405 primo
459 2351 533 2396 inizio
553 2351 577 2395 di
596 2350 715 2404 quelsiasi
734 2364 799 2395 cosa.
824 2373 842 2378 “
867 2350 952 2393 omni
973 2349 1135 2402 acquitate

64 2421 261 2475 principum,
275 2420 347 2474 primi
360 2435 405 2475 per
419 2421 477 2474 ogni
492 2427 571 2466 conto.
585 2445 611 2452 -
625 2435 686 2466 noes
701 2434 759 2475 qao
818 2420 879 2464 aed.
898 2418 962 2463 Nota
977 2418 1135 2471 l'anacolut03

15 2538 18 2547 ,
68 2503 139 2535 senza
154 2491 195 2535 del
210 2491 285 2544 quale
301 2505 316 2535 a
336 2493 382 2536 aed
402 2491 526 2537 dovrebbe
546 2492 643 2544 seguire
658 2505 714 2546 pue.
735 2514 761 2522 -
785 2491 960 2536 Graecis·-
976 2491 1135 2534 Graecorum

67 2562 229 2606 auctoritati.

107 2649 182 2702 cap.
198 2649 273 2693 v11.
288 2673 314 2680 -
327 2651 380 2695 24.
395 2649 475 2695 Finito
491 2649 508 2694 il
521 2649 638 2703 proemio,
659 2649 691 2694 da
705 2652 793 2703 questo
807 2651 884 2703 punto
899 2647 1020 2693 comiucia
1039 2648 1136 2692 l'intro·

69 2719 172 2765 dnzione
187 2733 246 2763 vera
260 2719 300 2764 del
314 2719 420 2775 dialogo.
441 2744 468 2751 -
490 2720 564 2765 Oeam
577 2722 717 2776 ipitur...
735 2720 909 2765 videretur.
932 2719 957 2764 0.
974 2720 1075 2773 Gracco,
1092 2718 1136 2762 tri·

68 2789 132 2835 buno
142 2789 210 2834 della
220 2788 292 2842 plebe
301 2790 341 2834 nel
354 2792 394 2834 632
405 2790 409 2844 l
422 2793 461 2835 122
470 2804 549 2836 evera
561 2796 681 2845 proposta
693 2803 742 2834 una
751 2791 831 2843 legge,
841 2802 887 2843 per
896 2790 921 2834 la
930 2789 1003 2843 quale
1013 2789 1136 2834 l’autorith

68 2860 108 2904 dei
120 2859 234 2914 pubblioi
247 2858 340 2912 giudizi
359 2861 379 2905 si
401 2861 519 2914 togliesse
533 2861 556 2905 al
571 2861 661 2906 Senato
676 2873 690 2905 e
705 2860 725 2905 si
741 2860 813 2904 desse
834 2860 859 2904 ai
876 2858 1006 2904 Coveliari.
1026 2860 1073 2912 Ma,
1087 2872 1136 2903 non

68 2929 225 2975 coercitando
238 2929 319 2984 questi
331 2930 429 2976 l’ufficio
443 2944 489 2976 eon
503 2929 596 2986 onestb,
609 2932 649 2975 uel
663 2932 703 2975 663
714 2931 718 2984 Ι
730 2933 755 2975 91
766 2929 783 2974 ιι
797 2929 888 2975 Senato
901 2929 968 2975 tenth
983 2929 1136 2974 risendioarc

69 3002 87 3045 il
99 3014 145 3046 suo
160 3000 276 3054 diritt0,e
289 3001 316 3046 in
328 3000 367 3047 cib
381 3002 408 3046 lu
422 3006 547 3047 sostenuto
563 3003 603 3047 dal
618 3001 715 3046 tribuno
730 3001 762 3046 M.
772 3001 842 3049 Livio
852 3001 932 3046 Druso
947 3000 1076 3051 (Drusi...
1090 3001 1136 3045 tri-

67 3074 202 3124 oanmua),
210 3071 227 3114 il
238 3071 311 3126 quale
325 3072 418 3118 sollerb
432 3071 450 3117 il
464 3073 555 3126 popolo
566 3086 579 3118 e
590 3073 597 3116 i
609 3073 668 3117 socii
682 3072 768 3125 italici,
777 3071 863 3126 pescia
874 3085 982 3126 propono
993 3085 1041 3114 nnn
1056 3072 1136 3124 legge,

69 3142 160 3196 perche
175 3155 189 3185 e
203 3141 304 3187 l'ordine
319 3144 443 3187 senatorio
458 3156 471 3187 e
486 3144 617 3196 l'equostre
632 3154 746 3187 aressero
761 3148 832 3196 parte
853 3141 894 3186 nei
913 3141 1011 3195 giudizl.
1028 3141 1092 3184 llcco
1111 3141 1136 3184 la

69 3215 172 3268 ragione
187 3214 226 3258 del
236 3214 356 3262 Drusi...
369 3217 521 3261 tribunatus
531 3229 583 3270 pro
597 3218 705 3259 serratas
720 3216 877 3260 auctoritate
891 3217 1034 3268 susceptus.
1050 3213 1069 3255 ll
1080 3224 1136 3256 con·

69 3287 120 3330 sole
133 3285 241 3339 Filippo,
254 3300 301 3338 pur
315 3286 364 3340 egli
378 3300 481 3331 avverso
497 3287 520 3330 ol
535 3287 632 3339 Sonato,
641 3285 729 3330 voleva
744 3285 788 3330 dar
802 3285 827 3329 ai
841 3285 887 3329 soli
902 3283 1018 3343 capalieri
1031 3281 1137 3326 uutoritd

70 3356 109 3401 nei
123 3354 217 3408 giudizi
232 3355 350 3409 pubblici.
364 3380 390 3388 -
404 3357 469 3401 dici
483 3357 568 3409 mihi,
583 3355 635 3401 cioe
651 3370 666 3399 a
680 3358 758 3405 Getta.
772 3365 840 3400 come
862 3354 963 3399 afferma
986 3353 1036 3406 egli
1051 3357 1137 3397 stesso.

69 3449 95 3458 -
116 3426 268 3470 ludorum
291 3425 509 3472 Romanorum
535 3428 653 3471 diebus.
676 3426 761 3479 Questi
783 3426 841 3470 ledi
860 3423 991 3478 dapprima
1012 3423 1136 3468 durovnuo

69 3497 142 3550 pochi
162 3495 249 3550 giomi,
267 3511 314 3551 ma,
332 3498 372 3542 nei
393 3498 469 3551 tempi
485 3498 507 3542 di
526 3498 651 3551 Cicerone,
664 3497 774 3541 duravan
789 3499 814 3540 15
828 3495 916 3549 giorni,
929 3494 970 3539 dal
984 3497 997 3538 4
1011 3495 1035 3538 al
1051 3498 1075 3538 19
1089 3499 1137 3539 set-

70 3568 171 3612 tembre.
185 3566 221 3611 Im
234 3568 286 3613 loro
303 3569 396 3622 origine
412 3569 517 3613 rimonte
527 3569 551 3613 al
560 3568 663 3621 periodo
674 3568 711 3612 de'
722 3568 765 3616 Ro,
775 3566 852 3611 anche
863 3566 969 3611 secondo
983 3566 1097 3609 Asconio.
1112 3565 1137 3609 si

71 3638 190 3684 dioenano
204 3641 300 3694 mappa,
313 3653 328 3684 ο
342 3639 433 3694 perone
448 3639 469 3684 si
484 3640 601 3684 lacevauo
616 3639 641 3683 in
656 3652 730 3683 onore
746 3639 811 3683 delle
826 3641 864 3682 tre
879 3637 982 3681 divinita
996 3635 1138 3689 capitolino,

69 3709 156 3763 Giove,
170 3709 281 3755 Giunone
295 3724 308 3755 e
323 3711 447 3763 Minerva,
461 3724 475 3755 0
489 3711 580 3765 porche
596 3710 621 3754 fu
643 3723 717 3764 spesa
738 3724 800 3763 gron
815 3722 915 3763 somma,
937 3706 1034 3761 quando
1050 3706 1137 3751 turono

68 3778 191 3824 celebrati
204 3779 229 3824 la
241 3780 321 3834 prima
330 3781 404 3827 volta,
417 3805 445 3812 -
458 3781 488 3826 L.
505 3780 665 3833 Graecum,
679 3781 705 3823 L.
716 3780 810 3823 Licinio
821 3779 918 3831 Crasso,
928 3779 1021 3822 famoso
1032 3781 1137 3832 oratore,

68 3849 115 3895 elne
129 3850 157 3894 fu
171 3851 268 3896 console
278 3865 323 3897 con
333 3852 360 3906 Q.
369 3850 450 3896 Murio
460 3851 570 3904 Scevola,
580 3852 620 3896 nel
629 3853 669 3895 659
681 3852 684 3905 Ι
696 3854 729 3895 95.
743 3873 770 3882 -
784 3850 817 3894 in
835 3848 858 3893 Τ
863 3849 1070 3899 asculanum,
1078 3848 1142 3892 uilla
