<?xml version="1.0" encoding="UTF-8"?>
<!DOCTYPE html PUBLIC "-//W3C//DTD XHTML 1.0 Transitional//EN"
    "http://www.w3.org/TR/xhtml1/DTD/xhtml1-transitional.dtd">
<html xmlns="http://www.w3.org/1999/xhtml" xml:lang="en" lang="en">
 <head>
  <title>
</title>
<meta http-equiv="Content-Type" content="text/html;charset=utf-8" />
  <meta name='ocr-system' content='tesseract 3.04.00' />
  <meta name='ocr-capabilities' content='ocr_page ocr_carea ocr_par ocr_line ocrx_word'/>
</head>
<body>
  <div class='ocr_page' id='page_1' title='image "./deoratorelibrit00firmgoog_0277.png"; bbox 0 0 2526 4246; ppageno 0'>
   <div class='ocr_carea' id='block_1_1' title="bbox 124 128 1106 253">
    <p class='ocr_par' dir='ltr' id='par_1_1' title="bbox 124 128 1106 253">
     <span class='ocr_line' id='line_1_1' title="bbox 124 128 833 183; baseline 0.004 -4"><span class='ocrx_word' id='word_1_1' title='bbox 124 128 177 180; x_wconf 71' lang='lat'>2²72</span> <span class='ocrx_word' id='word_1_2' title='bbox 492 142 526 182; x_wconf 82' lang='lat' dir='ltr'>n.</span> <span class='ocrx_word' id='word_1_3' title='bbox 544 142 649 183; x_wconf 75' lang='lat' dir='ltr'>cucur</span> <span class='ocrx_word' id='word_1_4' title='bbox 667 140 833 183; x_wconf 80' lang='lat' dir='ltr'>cronnonrs</span> 
     </span>
     <span class='ocr_line' id='line_1_2' title="bbox 1087 224 1106 253; baseline 0 -8"><span class='ocrx_word' id='word_1_5' title='bbox 1087 248 1090 253; x_wconf 66' lang='grc'>,</span> <span class='ocrx_word' id='word_1_6' title='bbox 1101 224 1106 245; x_wconf 58' lang='lat' dir='ltr'>t</span> 
     </span>
    </p>
   </div>
   <div class='ocr_carea' id='block_1_2' title="bbox 63 194 1114 2282">
    <p class='ocr_par' dir='ltr' id='par_1_2' title="bbox 126 194 1113 348">
     <span class='ocr_line' id='line_1_3' title="bbox 126 194 1113 348; baseline -0.003 -35"><span class='ocrx_word' id='word_1_7' title='bbox 126 269 186 313; x_wconf 89' lang='lat' dir='ltr'>non</span> <span class='ocrx_word' id='word_1_8' title='bbox 217 249 351 314; x_wconf 84' lang='lat' dir='ltr'>lonlilnrs</span> <span class='ocrx_word' id='word_1_9' title='bbox 372 259 411 324; x_wconf 83' lang='lat' dir='ltr'>et,</span> <span class='ocrx_word' id='word_1_10' title='bbox 435 268 626 333; x_wconf 81' lang='lat' dir='ltr'>quocumque</span> <span class='ocrx_word' id='word_1_11' title='bbox 648 246 831 333; x_wconf 77' lang='lat' dir='ltr'>ingreditur,</span> <span class='ocrx_word' id='word_1_12' title='bbox 847 247 959 314; x_wconf 88' lang='lat' dir='ltr'>eodem</span> <span class='ocrx_word' id='word_1_13' title='bbox 984 257 1027 314; x_wconf 87' lang='lat' dir='ltr'>est</span> <span class='ocrx_word' id='word_1_14' title='bbox 1049 194 1113 348; x_wconf 49' lang='lat' dir='ltr'>idi}</span> 
     </span>
    </p>

    <p class='ocr_par' dir='ltr' id='par_1_3' title="bbox 65 342 1110 448">
     <span class='ocr_line' id='line_1_4' title="bbox 65 342 1110 448; baseline -0.001 -31"><span class='ocrx_word' id='word_1_15' title='bbox 65 366 97 418; x_wconf 66' lang='lat'>24</span> <span class='ocrx_word' id='word_1_16' title='bbox 125 351 456 436; x_wconf 74' lang='lat' dir='ltr'>ormnnqueconcitata.</span> <span class='ocrx_word' id='word_1_17' title='bbox 502 350 733 436; x_wconf 73' lang='lat' dir='ltr'>sedquoniam</span> <span class='ocrx_word' id='word_1_18' title='bbox 755 349 897 436; x_wconf 82' lang='lat' dir='ltr'>oppressi</span> <span class='ocrx_word' id='word_1_19' title='bbox 924 350 986 416; x_wconf 87' lang='lat' dir='ltr'>iarn</span> <span class='ocrx_word' id='word_1_20' title='bbox 1009 342 1110 448; x_wconf 40' lang='lat' dir='ltr'>sunnis:</span> 
     </span>
    </p>

    <p class='ocr_par' dir='ltr' id='par_1_4' title="bbox 125 422 1100 573">
     <span class='ocr_line' id='line_1_5' title="bbox 125 422 1100 573; baseline -0.003 -54"><span class='ocrx_word' id='word_1_21' title='bbox 125 454 269 519; x_wconf 77' lang='lat' dir='ltr'>trionibus</span> <span class='ocrx_word' id='word_1_22' title='bbox 285 476 345 519; x_wconf 92' lang='lat' dir='ltr'>non</span> <span class='ocrx_word' id='word_1_23' title='bbox 361 453 452 519; x_wconf 87' lang='lat' dir='ltr'>ruodo</span> <span class='ocrx_word' id='word_1_24' title='bbox 468 454 562 541; x_wconf 78' lang='lat' dir='ltr'>vulgi,</span> <span class='ocrx_word' id='word_1_25' title='bbox 582 453 801 573; x_wconf 56' lang='lat' dir='ltr'>verumetiam</span> <span class='ocrx_word' id='word_1_26' title='bbox 817 422 1100 529; x_wconf 45' lang='lat' dir='ltr'>hominumffddler</span> 
     </span>
    </p>

    <p class='ocr_par' dir='ltr' id='par_1_5' title="bbox 124 537 1114 642">
     <span class='ocr_line' id='line_1_6' title="bbox 124 537 1114 642; baseline -0.001 -24"><span class='ocrx_word' id='word_1_27' title='bbox 124 556 273 632; x_wconf 81' lang='lat' dir='ltr'>diturum,</span> <span class='ocrx_word' id='word_1_28' title='bbox 303 556 369 642; x_wconf 83' lang='lat' dir='ltr'>qui,</span> <span class='ocrx_word' id='word_1_29' title='bbox 400 576 479 640; x_wconf 84' lang='lat' dir='ltr'>quae</span> <span class='ocrx_word' id='word_1_30' title='bbox 501 557 600 642; x_wconf 87' lang='lat' dir='ltr'>compl</span> <span class='ocrx_word' id='word_1_31' title='bbox 638 554 660 621; x_wconf 92' lang='lat' dir='ltr'>ti</span> <span class='ocrx_word' id='word_1_32' title='bbox 682 540 762 621; x_wconf 73' lang='lat' dir='ltr'>to‘tai&#39;</span> <span class='ocrx_word' id='word_1_33' title='bbox 780 537 956 641; x_wconf 54' lang='lat' dir='ltr'>heddium,</span> <span class='ocrx_word' id='word_1_34' title='bbox 985 555 1054 621; x_wconf 85' lang='lat' dir='ltr'>haec</span> <span class='ocrx_word' id='word_1_35' title='bbox 1079 554 1114 618; x_wconf 87' lang='lat' dir='ltr'>lac</span> 
     </span>
    </p>

    <p class='ocr_par' dir='ltr' id='par_1_6' title="bbox 123 576 1114 763">
     <span class='ocr_line' id='line_1_7' title="bbox 123 576 1114 763; baseline -0.001 -42"><span class='ocrx_word' id='word_1_36' title='bbox 123 659 243 723; x_wconf 80' lang='lat' dir='ltr'>‹lirulsa</span> <span class='ocrx_word' id='word_1_37' title='bbox 260 660 294 724; x_wconf 82' lang='lat' dir='ltr'>et&#39;</span> <span class='ocrx_word' id='word_1_38' title='bbox 305 659 390 744; x_wconf 83' lang='lat' dir='ltr'>qnasi</span> <span class='ocrx_word' id='word_1_39' title='bbox 403 657 553 745; x_wconf 79' lang='lat' dir='ltr'>discerpta</span> <span class='ocrx_word' id='word_1_40' title='bbox 565 576 762 763; x_wconf 38' lang='lat' dir='ltr'>coQtant</span> <span class='ocrx_word' id='word_1_41' title='bbox 771 667 802 724; x_wconf 85' lang='lat' dir='ltr'>et</span> <span class='ocrx_word' id='word_1_42' title='bbox 813 657 868 743; x_wconf 88' lang='lat' dir='ltr'>qui</span> <span class='ocrx_word' id='word_1_43' title='bbox 881 669 1036 745; x_wconf 78' lang='lat' dir='ltr'>tamquam</span> <span class='ocrx_word' id='word_1_44' title='bbox 1046 657 1081 722; x_wconf 86' lang='lat' dir='ltr'>ab</span> <span class='ocrx_word' id='word_1_45' title='bbox 1090 677 1114 720; x_wconf 89' lang='lat' dir='ltr'>ar</span> 
     </span>
    </p>

    <p class='ocr_par' dir='ltr' id='par_1_7' title="bbox 123 759 1114 857">
     <span class='ocr_line' id='line_1_8' title="bbox 123 759 1114 857; baseline -0.005 -32"><span class='ocrx_word' id='word_1_46' title='bbox 123 783 242 847; x_wconf 80' lang='lat' dir='ltr'>corpus,</span> <span class='ocrx_word' id='word_1_47' title='bbox 261 761 303 831; x_wconf 87' lang='lat' dir='ltr'>sic</span> <span class='ocrx_word' id='word_1_48' title='bbox 317 782 334 857; x_wconf 68' lang='lat' dir='ltr'>a</span> <span class='ocrx_word' id='word_1_49' title='bbox 349 760 508 827; x_wconf 82' lang='lat' dir='ltr'>sententiis</span> <span class='ocrx_word' id='word_1_50' title='bbox 531 760 624 827; x_wconf 89' lang='lat' dir='ltr'>verba</span> <span class='ocrx_word' id='word_1_51' title='bbox 642 759 817 846; x_wconf 86' lang='lat' dir='ltr'>seiungunt,</span> <span class='ocrx_word' id='word_1_52' title='bbox 840 780 976 847; x_wconf 89' lang='lat' dir='ltr'>quorum</span> <span class='ocrx_word' id='word_1_53' title='bbox 998 759 1114 826; x_wconf 84' lang='lat' dir='ltr'>sineint</span> 
     </span>
    </p>

    <p class='ocr_par' dir='ltr' id='par_1_8' title="bbox 125 861 1114 949">
     <span class='ocr_line' id='line_1_9' title="bbox 125 861 1114 949; baseline 0 -22"><span class='ocrx_word' id='word_1_54' title='bbox 125 864 191 930; x_wconf 84' lang='lat' dir='ltr'>lieri</span> <span class='ocrx_word' id='word_1_55' title='bbox 209 875 352 930; x_wconf 84' lang='lat' dir='ltr'>neutrum</span> <span class='ocrx_word' id='word_1_56' title='bbox 368 873 476 949; x_wconf 89' lang='lat' dir='ltr'>potest,</span> <span class='ocrx_word' id='word_1_57' title='bbox 494 882 555 928; x_wconf 91' lang='lat' dir='ltr'>non</span> <span class='ocrx_word' id='word_1_58' title='bbox 578 861 740 948; x_wconf 85' lang='lat' dir='ltr'>suscipiam</span> <span class='ocrx_word' id='word_1_59' title='bbox 762 862 903 931; x_wconf 86' lang='lat' dir='ltr'>oratione</span> <span class='ocrx_word' id='word_1_60' title='bbox 925 880 995 929; x_wconf 88' lang='lat' dir='ltr'>mea</span> <span class='ocrx_word' id='word_1_61' title='bbox 1015 865 1080 949; x_wconf 92' lang='lat' dir='ltr'>plus</span> <span class='ocrx_word' id='word_1_62' title='bbox 1099 882 1114 946; x_wconf 84' lang='lat' dir='ltr'>q</span> 
     </span>
    </p>

    <p class='ocr_par' dir='ltr' id='par_1_9' title="bbox 124 963 1114 1057">
     <span class='ocr_line' id='line_1_10' title="bbox 124 963 1114 1057; baseline -0.001 -28"><span class='ocrx_word' id='word_1_63' title='bbox 124 966 200 1030; x_wconf 77' lang='lat' dir='ltr'>milii</span> <span class='ocrx_word' id='word_1_64' title='bbox 228 965 405 1050; x_wconf 84' lang='lat' dir='ltr'>imponitur.</span> <span class='ocrx_word' id='word_1_65' title='bbox 429 965 561 1030; x_wconf 85' lang='lat' dir='ltr'>Tantum</span> <span class='ocrx_word' id='word_1_66' title='bbox 586 963 611 1057; x_wconf 91' lang='lat' dir='ltr'>si</span> <span class='ocrx_word' id='word_1_67' title='bbox 656 964 662 976; x_wconf 86' lang='lat'>&#39;</span> <span class='ocrx_word' id='word_1_68' title='bbox 724 964 762 1029; x_wconf 89' lang='lat' dir='ltr'>bo</span> <span class='ocrx_word' id='word_1_69' title='bbox 789 964 879 1031; x_wconf 89' lang='lat' dir='ltr'>brevi</span> <span class='ocrx_word' id='word_1_70' title='bbox 906 985 1008 1051; x_wconf 92' lang='lat' dir='ltr'>neque</span> <span class='ocrx_word' id='word_1_71' title='bbox 1030 965 1114 1030; x_wconf 84' lang='lat' dir='ltr'>verbo</span> 
     </span>
    </p>

    <p class='ocr_par' dir='ltr' id='par_1_10' title="bbox 122 964 1114 1235">
     <span class='ocr_line' id='line_1_11' title="bbox 122 964 1114 1235; baseline -0.001 -104"><span class='ocrx_word' id='word_1_72' title='bbox 122 1079 263 1132; x_wconf 82' lang='lat' dir='ltr'>ornauun</span> <span class='ocrx_word' id='word_1_73' title='bbox 278 1067 410 1134; x_wconf 88' lang='lat' dir='ltr'>inveniri</span> <span class='ocrx_word' id='word_1_74' title='bbox 419 1088 508 1153; x_wconf 89' lang='lat' dir='ltr'>posse</span> <span class='ocrx_word' id='word_1_75' title='bbox 520 964 912 1235; x_wconf 36' lang='lat' dir='ltr'>nonpwfpressisque</span> <span class='ocrx_word' id='word_1_76' title='bbox 924 1067 1080 1134; x_wconf 90' lang='lat' dir='ltr'>sententiis</span> <span class='ocrx_word' id='word_1_77' title='bbox 1094 1086 1114 1130; x_wconf 92' lang='lat' dir='ltr'>n</span> 
     </span>
    </p>

    <p class='ocr_par' dir='ltr' id='par_1_11' title="bbox 63 1169 1076 1238">
     <span class='ocr_line' id='line_1_12' title="bbox 63 1169 1076 1238; baseline -0.004 0"><span class='ocrx_word' id='word_1_78' title='bbox 63 1188 92 1238; x_wconf 60' lang='grc' dir='ltr'>ει·</span> <span class='ocrx_word' id='word_1_79' title='bbox 122 1191 187 1235; x_wconf 86' lang='lat' dir='ltr'>esse</span> <span class='ocrx_word' id='word_1_80' title='bbox 217 1173 311 1235; x_wconf 84' lang='lat' dir='ltr'>ullam</span> <span class='ocrx_word' id='word_1_81' title='bbox 338 1170 522 1237; x_wconf 82' lang='lat' dir='ltr'>sententiam</span> <span class='ocrx_word' id='word_1_82' title='bbox 545 1169 628 1236; x_wconf 87' lang='lat' dir='ltr'>illust</span> <span class='ocrx_word' id='word_1_83' title='bbox 664 1189 697 1234; x_wconf 91' lang='lat' dir='ltr'>m</span> <span class='ocrx_word' id='word_1_84' title='bbox 721 1169 789 1235; x_wconf 91' lang='lat' dir='ltr'>sine</span> <span class='ocrx_word' id='word_1_85' title='bbox 811 1171 880 1236; x_wconf 93' lang='lat' dir='ltr'>luce</span> <span class='ocrx_word' id='word_1_86' title='bbox 901 1171 1076 1237; x_wconf 82' lang='lat' dir='ltr'>verborum.</span> 
     </span>
    </p>

    <p class='ocr_par' dir='ltr' id='par_1_12' title="bbox 122 1272 1114 1360">
     <span class='ocr_line' id='line_1_13' title="bbox 122 1272 1114 1360; baseline -0.002 -23"><span class='ocrx_word' id='word_1_87' title='bbox 122 1273 300 1358; x_wconf 81' lang='lat' dir='ltr'>prinsquam</span> <span class='ocrx_word' id='word_1_88' title='bbox 317 1273 368 1339; x_wconf 90' lang='lat' dir='ltr'>illa</span> <span class='ocrx_word' id='word_1_89' title='bbox 387 1294 481 1339; x_wconf 90' lang='lat' dir='ltr'>conor</span> <span class='ocrx_word' id='word_1_90' title='bbox 497 1273 656 1360; x_wconf 84' lang='lat' dir='ltr'>attingere,</span> <span class='ocrx_word' id='word_1_91' title='bbox 675 1272 786 1358; x_wconf 86' lang='lat' dir='ltr'>quibus</span> <span class='ocrx_word' id='word_1_92' title='bbox 801 1272 976 1340; x_wconf 85' lang='lat' dir='ltr'>orationem</span> <span class='ocrx_word' id='word_1_93' title='bbox 991 1273 1114 1339; x_wconf 84' lang='lat' dir='ltr'>ornaria</span> 
     </span>
    </p>

    <p class='ocr_par' dir='ltr' id='par_1_13' title="bbox 120 1373 1114 1560">
     <span class='ocr_line' id='line_1_14' title="bbox 123 1373 1114 1461; baseline -0.004 -21"><span class='ocrx_word' id='word_1_94' title='bbox 123 1375 291 1441; x_wconf 86' lang='lat' dir='ltr'>illuminari</span> <span class='ocrx_word' id='word_1_95' title='bbox 311 1386 426 1461; x_wconf 88' lang='lat' dir='ltr'>putem,</span> <span class='ocrx_word' id='word_1_96' title='bbox 443 1395 614 1461; x_wconf 88' lang='lat' dir='ltr'>proponam</span> <span class='ocrx_word' id='word_1_97' title='bbox 630 1374 765 1443; x_wconf 85' lang='lat' dir='ltr'>breviter</span> <span class='ocrx_word' id='word_1_98' title='bbox 776 1373 851 1460; x_wconf 91' lang='lat' dir='ltr'>quid</span> <span class='ocrx_word' id='word_1_99' title='bbox 863 1375 999 1441; x_wconf 89' lang='lat' dir='ltr'>sentiam</span> <span class='ocrx_word' id='word_1_100' title='bbox 1010 1374 1114 1442; x_wconf 77' lang='lat' dir='ltr'>deunit</span> 
     </span>
     <span class='ocr_line' id='line_1_15' title="bbox 120 1477 428 1560; baseline -0.01 -16"><span class='ocrx_word' id='word_1_101' title='bbox 120 1499 233 1560; x_wconf 84' lang='lat' dir='ltr'>genere</span> <span class='ocrx_word' id='word_1_102' title='bbox 255 1477 383 1543; x_wconf 90' lang='lat' dir='ltr'>dicendi.</span> <span class='ocrx_word' id='word_1_103' title='bbox 425 1554 428 1559; x_wconf 22' lang='lat'><em>¹</em></span> 
     </span>
    </p>

    <p class='ocr_par' dir='ltr' id='par_1_14' title="bbox 166 1566 1113 1666">
     <span class='ocr_line' id='line_1_16' title="bbox 166 1566 1113 1666; baseline -0.004 -20"><span class='ocrx_word' id='word_1_104' title='bbox 166 1582 246 1646; x_wconf 75' lang='lat' dir='ltr'>vll.</span> <span class='ocrx_word' id='word_1_105' title='bbox 269 1580 379 1646; x_wconf 85' lang='lat' dir='ltr'>Natura</span> <span class='ocrx_word' id='word_1_106' title='bbox 400 1566 488 1647; x_wconf 75' lang='lat' dir='ltr'>¹nulla</span> <span class='ocrx_word' id='word_1_107' title='bbox 510 1591 564 1656; x_wconf 86' lang='lat' dir='ltr'>est,</span> <span class='ocrx_word' id='word_1_108' title='bbox 587 1591 621 1646; x_wconf 85' lang='lat' dir='ltr'>nt</span> <span class='ocrx_word' id='word_1_109' title='bbox 643 1579 721 1645; x_wconf 90' lang='lat' dir='ltr'>mihi</span> <span class='ocrx_word' id='word_1_110' title='bbox 743 1579 876 1657; x_wconf 88' lang='lat' dir='ltr'>videtur,</span> <span class='ocrx_word' id='word_1_111' title='bbox 899 1600 981 1666; x_wconf 87' lang='lat' dir='ltr'>quae</span> <span class='ocrx_word' id='word_1_112' title='bbox 1003 1600 1064 1646; x_wconf 93' lang='lat' dir='ltr'>non</span> <span class='ocrx_word' id='word_1_113' title='bbox 1086 1581 1113 1643; x_wconf 81' lang='lat' dir='ltr'>lu</span> 
     </span>
    </p>

    <p class='ocr_par' dir='ltr' id='par_1_15' title="bbox 122 1680 1113 1770">
     <span class='ocr_line' id='line_1_17' title="bbox 122 1680 1113 1770; baseline -0.002 -23"><span class='ocrx_word' id='word_1_114' title='bbox 122 1684 153 1747; x_wconf 87' lang='lat' dir='ltr'>iu</span> <span class='ocrx_word' id='word_1_115' title='bbox 177 1705 230 1748; x_wconf 83' lang='lat' dir='ltr'>suo</span> <span class='ocrx_word' id='word_1_116' title='bbox 253 1703 364 1769; x_wconf 79' lang='lat' dir='ltr'>genere</span> <span class='ocrx_word' id='word_1_117' title='bbox 386 1704 435 1748; x_wconf 80' lang='lat' dir='ltr'>ros</span> <span class='ocrx_word' id='word_1_118' title='bbox 457 1685 629 1768; x_wconf 82' lang='lat' dir='ltr'>complures</span> <span class='ocrx_word' id='word_1_119' title='bbox 644 1681 807 1747; x_wconf 88' lang='lat' dir='ltr'>dissimiles</span> <span class='ocrx_word' id='word_1_120' title='bbox 829 1680 971 1760; x_wconf 77' lang='lat' dir='ltr'>intense,</span> <span class='ocrx_word' id='word_1_121' title='bbox 995 1700 1071 1770; x_wconf 87' lang='lat' dir='ltr'>qnae</span> <span class='ocrx_word' id='word_1_122' title='bbox 1090 1693 1113 1745; x_wconf 86' lang='lat' dir='ltr'>ta</span> 
     </span>
    </p>

    <p class='ocr_par' dir='ltr' id='par_1_16' title="bbox 120 1783 1112 1871">
     <span class='ocr_line' id='line_1_18' title="bbox 120 1783 1112 1871; baseline -0.003 -22"><span class='ocrx_word' id='word_1_123' title='bbox 120 1785 269 1849; x_wconf 87' lang='lat' dir='ltr'>consimili</span> <span class='ocrx_word' id='word_1_124' title='bbox 294 1785 382 1851; x_wconf 88' lang='lat' dir='ltr'>laude</span> <span class='ocrx_word' id='word_1_125' title='bbox 404 1784 578 1871; x_wconf 82' lang='lat' dir='ltr'>dignentur.</span> <span class='ocrx_word' id='word_1_126' title='bbox 594 1784 670 1849; x_wconf 85' lang='lat' dir='ltr'>Nam</span> <span class='ocrx_word' id='word_1_127' title='bbox 692 1794 722 1850; x_wconf 89' lang='lat' dir='ltr'>et</span> <span class='ocrx_word' id='word_1_128' title='bbox 742 1783 868 1850; x_wconf 88' lang='lat' dir='ltr'>auribus</span> <span class='ocrx_word' id='word_1_129' title='bbox 883 1788 984 1851; x_wconf 88' lang='lat' dir='ltr'>multa</span> <span class='ocrx_word' id='word_1_130' title='bbox 1001 1783 1112 1871; x_wconf 87' lang='lat' dir='ltr'>percipi</span> 
     </span>
    </p>

    <p class='ocr_par' dir='ltr' id='par_1_17' title="bbox 121 1886 1112 1972">
     <span class='ocr_line' id='line_1_19' title="bbox 121 1886 1112 1972; baseline 0.002 -25"><span class='ocrx_word' id='word_1_131' title='bbox 121 1908 198 1972; x_wconf 81' lang='lat' dir='ltr'>qnae</span> <span class='ocrx_word' id='word_1_132' title='bbox 220 1888 275 1953; x_wconf 87' lang='lat' dir='ltr'>etsi</span> <span class='ocrx_word' id='word_1_133' title='bbox 300 1909 353 1953; x_wconf 86' lang='lat' dir='ltr'>nos</span> <span class='ocrx_word' id='word_1_134' title='bbox 376 1887 499 1953; x_wconf 89' lang='lat' dir='ltr'>vocibus</span> <span class='ocrx_word' id='word_1_135' title='bbox 521 1886 681 1962; x_wconf 85' lang='lat' dir='ltr'>delectant,</span> <span class='ocrx_word' id='word_1_136' title='bbox 705 1897 808 1952; x_wconf 85' lang='lat' dir='ltr'>tamen</span> <span class='ocrx_word' id='word_1_137' title='bbox 832 1887 873 1953; x_wconf 88' lang='lat' dir='ltr'>ita</span> <span class='ocrx_word' id='word_1_138' title='bbox 896 1898 971 1952; x_wconf 83' lang='lat' dir='ltr'>sunt</span> <span class='ocrx_word' id='word_1_139' title='bbox 993 1888 1075 1953; x_wconf 85' lang='lat' dir='ltr'>varia</span> <span class='ocrx_word' id='word_1_140' title='bbox 1092 1907 1112 1950; x_wconf 74' lang='lat' dir='ltr'>sc</span> 
     </span>
    </p>

    <p class='ocr_par' dir='ltr' id='par_1_18' title="bbox 122 1988 1111 2089">
     <span class='ocr_line' id='line_1_20' title="bbox 122 1988 1111 2089; baseline -0.002 -36"><span class='ocrx_word' id='word_1_141' title='bbox 122 2001 154 2054; x_wconf 87' lang='lat' dir='ltr'>nt</span> <span class='ocrx_word' id='word_1_142' title='bbox 177 1990 216 2066; x_wconf 87' lang='lat' dir='ltr'>id,</span> <span class='ocrx_word' id='word_1_143' title='bbox 241 1991 321 2077; x_wconf 78' lang='lat' dir='ltr'>qnod</span> <span class='ocrx_word' id='word_1_144' title='bbox 344 1991 520 2089; x_wconf 61' lang='lat' dir='ltr'>proiimum</span> <span class='ocrx_word' id='word_1_145' title='bbox 543 1989 657 2066; x_wconf 86' lang='lat' dir='ltr'>audias,</span> <span class='ocrx_word' id='word_1_146' title='bbox 681 1988 936 2056; x_wconf 89' lang='lat' dir='ltr'>iucundissimum</span> <span class='ocrx_word' id='word_1_147' title='bbox 959 2011 1026 2057; x_wconf 87' lang='lat' dir='ltr'>esse</span> <span class='ocrx_word' id='word_1_148' title='bbox 1047 1990 1111 2056; x_wconf 83' lang='lat' dir='ltr'>vide</span> 
     </span>
    </p>

    <p class='ocr_par' dir='ltr' id='par_1_19' title="bbox 120 2084 1111 2179">
     <span class='ocr_line' id='line_1_21' title="bbox 120 2084 1111 2179; baseline -0.003 -21"><span class='ocrx_word' id='word_1_149' title='bbox 120 2105 149 2159; x_wconf 85' lang='lat' dir='ltr'>et</span> <span class='ocrx_word' id='word_1_150' title='bbox 165 2093 258 2159; x_wconf 89' lang='lat' dir='ltr'>oculis</span> <span class='ocrx_word' id='word_1_151' title='bbox 270 2084 456 2178; x_wconf 80' lang='lat' dir='ltr'>&#39;colligur&#39;itur</span> <span class='ocrx_word' id='word_1_152' title='bbox 472 2113 570 2178; x_wconf 89' lang='lat' dir='ltr'>paene</span> <span class='ocrx_word' id='word_1_153' title='bbox 592 2091 835 2158; x_wconf 90' lang='lat' dir='ltr'>innumerabiles</span> <span class='ocrx_word' id='word_1_154' title='bbox 848 2094 1033 2178; x_wconf 88' lang='lat' dir='ltr'>voluptates,</span> <span class='ocrx_word' id='word_1_155' title='bbox 1048 2111 1111 2179; x_wconf 78' lang='lat' dir='ltr'>quac</span> 
     </span>
    </p>

    <p class='ocr_par' dir='ltr' id='par_1_20' title="bbox 122 2192 1110 2282">
     <span class='ocr_line' id='line_1_22' title="bbox 122 2192 1110 2282; baseline -0.001 -24"><span class='ocrx_word' id='word_1_156' title='bbox 122 2196 162 2261; x_wconf 88' lang='lat' dir='ltr'>ita</span> <span class='ocrx_word' id='word_1_157' title='bbox 183 2196 316 2282; x_wconf 86' lang='lat' dir='ltr'>capiunt,</span> <span class='ocrx_word' id='word_1_158' title='bbox 330 2207 363 2261; x_wconf 86' lang='lat' dir='ltr'>ut</span> <span class='ocrx_word' id='word_1_159' title='bbox 378 2216 476 2260; x_wconf 85' lang='lat' dir='ltr'>unum</span> <span class='ocrx_word' id='word_1_160' title='bbox 501 2214 624 2260; x_wconf 88' lang='lat' dir='ltr'>sensnm</span> <span class='ocrx_word' id='word_1_161' title='bbox 640 2192 780 2259; x_wconf 89' lang='lat' dir='ltr'>dissimili</span> <span class='ocrx_word' id='word_1_162' title='bbox 798 2213 911 2280; x_wconf 82' lang='lat' dir='ltr'>genere</span> <span class='ocrx_word' id='word_1_163' title='bbox 926 2194 1084 2271; x_wconf 89' lang='lat' dir='ltr'>delectent,</span> <span class='ocrx_word' id='word_1_164' title='bbox 1098 2212 1110 2257; x_wconf 85' lang='lat' dir='ltr'>e</span> 
     </span>
    </p>
   </div>
   <div class='ocr_carea' id='block_1_3' title="bbox 118 2385 1110 2657">
    <p class='ocr_par' dir='ltr' id='par_1_21' title="bbox 118 2385 1110 2657">
     <span class='ocr_line' id='line_1_23' title="bbox 120 2385 1110 2442; baseline -0.004 -9"><span class='ocrx_word' id='word_1_165' title='bbox 120 2402 180 2433; x_wconf 81' lang='lat' dir='ltr'>non</span> <span class='ocrx_word' id='word_1_166' title='bbox 200 2390 353 2442; x_wconf 77' lang='lat' dir='ltr'>sontibus.</span> <span class='ocrx_word' id='word_1_167' title='bbox 364 2388 384 2431; x_wconf 95' lang='lat' dir='ltr'>Il</span> <span class='ocrx_word' id='word_1_168' title='bbox 395 2388 509 2442; x_wconf 86' lang='lat' dir='ltr'>pensiero</span> <span class='ocrx_word' id='word_1_169' title='bbox 525 2387 551 2432; x_wconf 75' lang='lat' dir='ltr'>e:</span> <span class='ocrx_word' id='word_1_170' title='bbox 565 2387 600 2430; x_wconf 81' lang='lat' dir='ltr'>ha</span> <span class='ocrx_word' id='word_1_171' title='bbox 615 2386 681 2432; x_wconf 85' lang='lat' dir='ltr'>fonte</span> <span class='ocrx_word' id='word_1_172' title='bbox 697 2386 892 2440; x_wconf 79' lang='lat' dir='ltr'>dell&#39;eloquenze</span> <span class='ocrx_word' id='word_1_173' title='bbox 906 2385 919 2431; x_wconf 74' lang='lat' dir='ltr'>d</span> <span class='ocrx_word' id='word_1_174' title='bbox 935 2401 986 2433; x_wconf 84' lang='lat' dir='ltr'>une</span> <span class='ocrx_word' id='word_1_175' title='bbox 1001 2389 1054 2434; x_wconf 83' lang='lat' dir='ltr'>sole</span> <span class='ocrx_word' id='word_1_176' title='bbox 1067 2385 1110 2432; x_wconf 85' lang='lat' dir='ltr'>inl</span> 
     </span>
     <span class='ocr_line' id='line_1_24' title="bbox 120 2456 1110 2514; baseline -0.005 -10"><span class='ocrx_word' id='word_1_177' title='bbox 120 2474 160 2504; x_wconf 79' lang='lat' dir='ltr'>rna</span> <span class='ocrx_word' id='word_1_178' title='bbox 176 2460 198 2504; x_wconf 78' lang='lat' dir='ltr'>le</span> <span class='ocrx_word' id='word_1_179' title='bbox 214 2459 297 2514; x_wconf 80' lang='lat' dir='ltr'>specie</span> <span class='ocrx_word' id='word_1_180' title='bbox 312 2460 335 2502; x_wconf 84' lang='lat' dir='ltr'>‹li</span> <span class='ocrx_word' id='word_1_181' title='bbox 352 2473 407 2503; x_wconf 83' lang='lat' dir='ltr'>essa</span> <span class='ocrx_word' id='word_1_182' title='bbox 421 2472 465 2503; x_wconf 92' lang='lat' dir='ltr'>son</span> <span class='ocrx_word' id='word_1_183' title='bbox 480 2457 561 2512; x_wconf 83' lang='lat' dir='ltr'>molle,</span> <span class='ocrx_word' id='word_1_184' title='bbox 582 2470 651 2502; x_wconf 90' lang='lat' dir='ltr'>come</span> <span class='ocrx_word' id='word_1_185' title='bbox 670 2457 740 2502; x_wconf 85' lang='lat' dir='ltr'>molti</span> <span class='ocrx_word' id='word_1_186' title='bbox 754 2457 762 2501; x_wconf 94' lang='lat' dir='ltr'>i</span> <span class='ocrx_word' id='word_1_187' title='bbox 777 2456 877 2502; x_wconf 84' lang='lat' dir='ltr'>ruscelli</span> <span class='ocrx_word' id='word_1_188' title='bbox 891 2457 962 2511; x_wconf 68' lang='lat' dir='ltr'>(rivel</span> <span class='ocrx_word' id='word_1_189' title='bbox 977 2458 1023 2504; x_wconf 90' lang='lat' dir='ltr'>ohe</span> <span class='ocrx_word' id='word_1_190' title='bbox 1035 2469 1110 2511; x_wconf 77' lang='lat' dir='ltr'>vongo:</span> 
     </span>
     <span class='ocr_line' id='line_1_25' title="bbox 119 2525 1109 2584; baseline -0.003 -10"><span class='ocrx_word' id='word_1_191' title='bbox 119 2545 167 2575; x_wconf 84' lang='lat' dir='ltr'>una</span> <span class='ocrx_word' id='word_1_192' title='bbox 189 2532 242 2576; x_wconf 84' lang='lat' dir='ltr'>sole</span> <span class='ocrx_word' id='word_1_193' title='bbox 264 2535 377 2583; x_wconf 77' lang='lat' dir='ltr'>surgente</span> <span class='ocrx_word' id='word_1_194' title='bbox 399 2531 492 2583; x_wconf 83' lang='lat' dir='ltr'>(sone).</span> <span class='ocrx_word' id='word_1_195' title='bbox 515 2529 580 2573; x_wconf 85' lang='lat' dir='ltr'>Notn</span> <span class='ocrx_word' id='word_1_196' title='bbox 598 2529 615 2572; x_wconf 96' lang='lat' dir='ltr'>il</span> <span class='ocrx_word' id='word_1_197' title='bbox 635 2527 709 2573; x_wconf 82' lang='lat' dir='ltr'>Sorof</span> <span class='ocrx_word' id='word_1_198' title='bbox 726 2528 770 2573; x_wconf 90' lang='lat' dir='ltr'>ohe</span> <span class='ocrx_word' id='word_1_199' title='bbox 790 2527 832 2582; x_wconf 88' lang='lat' dir='ltr'>qui</span> <span class='ocrx_word' id='word_1_200' title='bbox 852 2525 865 2572; x_wconf 73' lang='grc' dir='ltr'>ὲ</span> <span class='ocrx_word' id='word_1_201' title='bbox 884 2541 933 2573; x_wconf 92' lang='lat' dir='ltr'>uno</span> <span class='ocrx_word' id='word_1_202' title='bbox 953 2542 1070 2584; x_wconf 74' lang='lat' dir='ltr'>zeugma,</span> <span class='ocrx_word' id='word_1_203' title='bbox 1088 2527 1109 2582; x_wconf 74' lang='lat' dir='ltr'>gi</span> 
     </span>
     <span class='ocr_line' id='line_1_26' title="bbox 118 2598 936 2657; baseline -0.002 -12"><span class='ocrx_word' id='word_1_204' title='bbox 118 2603 233 2657; x_wconf 82' lang='lat' dir='ltr'>diducta,</span> <span class='ocrx_word' id='word_1_205' title='bbox 248 2601 291 2645; x_wconf 85' lang='lat' dir='ltr'>ohe</span> <span class='ocrx_word' id='word_1_206' title='bbox 306 2606 344 2645; x_wconf 82' lang='lat' dir='ltr'>sto</span> <span class='ocrx_word' id='word_1_207' title='bbox 358 2601 420 2645; x_wconf 86' lang='lat' dir='ltr'>bene</span> <span class='ocrx_word' id='word_1_208' title='bbox 436 2613 481 2645; x_wconf 92' lang='lat' dir='ltr'>con</span> <span class='ocrx_word' id='word_1_209' title='bbox 495 2599 568 2652; x_wconf 83' lang='lat' dir='ltr'>riolc,</span> <span class='ocrx_word' id='word_1_210' title='bbox 581 2612 629 2644; x_wconf 90' lang='lat' dir='ltr'>non</span> <span class='ocrx_word' id='word_1_211' title='bbox 646 2599 766 2644; x_wconf 86' lang='lat' dir='ltr'>conviene</span> <span class='ocrx_word' id='word_1_212' title='bbox 780 2613 795 2644; x_wconf 85' lang='lat' dir='ltr'>e</span> <span class='ocrx_word' id='word_1_213' title='bbox 806 2598 936 2653; x_wconf 78' lang='lat' dir='ltr'>fontibus.</span> 
     </span>
    </p>
   </div>
   <div class='ocr_carea' id='block_1_4' title="bbox 115 2686 1113 3239">
    <p class='ocr_par' dir='ltr' id='par_1_22' title="bbox 115 2686 1113 3239">
     <span class='ocr_line' id='line_1_27' title="bbox 185 2686 1111 2743; baseline -0.003 -10"><span class='ocrx_word' id='word_1_214' title='bbox 185 2690 235 2733; x_wconf 71' lang='lat'>24.</span> <span class='ocrx_word' id='word_1_215' title='bbox 246 2689 394 2743; x_wconf 75' lang='lat' dir='ltr'>oppressi</span> <span class='ocrx_word' id='word_1_216' title='bbox 403 2686 591 2741; x_wconf 71' lang='lat' dir='ltr'>:soverohietl</span> <span class='ocrx_word' id='word_1_217' title='bbox 599 2686 648 2731; x_wconf 86' lang='lat' dir='ltr'>resi</span> <span class='ocrx_word' id='word_1_218' title='bbox 656 2700 711 2731; x_wconf 87' lang='lat' dir='ltr'>men</span> <span class='ocrx_word' id='word_1_219' title='bbox 719 2686 831 2732; x_wconf 83' lang='lat' dir='ltr'>liberi—</span> <span class='ocrx_word' id='word_1_220' title='bbox 841 2687 1012 2735; x_wconf 78' lang='lat' dir='ltr'>diuulsa...</span> <span class='ocrx_word' id='word_1_221' title='bbox 1027 2689 1111 2733; x_wconf 80' lang='lat' dir='ltr'>disee</span> 
     </span>
     <span class='ocr_line' id='line_1_28' title="bbox 117 2757 1110 2814; baseline 0.001 -13"><span class='ocrx_word' id='word_1_222' title='bbox 117 2778 143 2795; x_wconf 93' lang='lat'><strong><em>=</em></strong></span> <span class='ocrx_word' id='word_1_223' title='bbox 157 2759 235 2803; x_wconf 78' lang='lat' dir='ltr'>divise</span> <span class='ocrx_word' id='word_1_224' title='bbox 246 2772 260 2802; x_wconf 83' lang='lat' dir='ltr'><strong>a</strong></span> <span class='ocrx_word' id='word_1_225' title='bbox 271 2758 348 2804; x_wconf 82' lang='lat' dir='ltr'>forne.</span> <span class='ocrx_word' id='word_1_226' title='bbox 357 2793 375 2804; x_wconf 92' lang='lat'>..</span> <span class='ocrx_word' id='word_1_227' title='bbox 389 2758 449 2802; x_wconf 82' lang='lat' dir='ltr'>lette</span> <span class='ocrx_word' id='word_1_228' title='bbox 460 2772 475 2802; x_wconf 83' lang='lat' dir='ltr'><strong>a</strong></span> <span class='ocrx_word' id='word_1_229' title='bbox 485 2757 563 2802; x_wconf 83' lang='lat' dir='ltr'>bruni.</span> <span class='ocrx_word' id='word_1_230' title='bbox 572 2780 598 2789; x_wconf 91' lang='lat'>-</span> <span class='ocrx_word' id='word_1_231' title='bbox 609 2760 814 2802; x_wconf 75' lang='lat' dir='ltr'>contrectant</span> <span class='ocrx_word' id='word_1_232' title='bbox 827 2776 854 2791; x_wconf 88' lang='lat'>-</span> <span class='ocrx_word' id='word_1_233' title='bbox 867 2770 978 2813; x_wconf 85' lang='lat' dir='ltr'>poseono</span> <span class='ocrx_word' id='word_1_234' title='bbox 989 2759 1110 2814; x_wconf 77' lang='lat' dir='ltr'>pedroneg</span> 
     </span>
     <span class='ocr_line' id='line_1_29' title="bbox 116 2827 1112 2884; baseline -0.004 -9"><span class='ocrx_word' id='word_1_235' title='bbox 116 2854 142 2860; x_wconf 96' lang='lat'><em>-</em></span> <span class='ocrx_word' id='word_1_236' title='bbox 157 2841 291 2884; x_wconf 75' lang='lat' dir='ltr'>quorum</span> <span class='ocrx_word' id='word_1_237' title='bbox 306 2828 325 2871; x_wconf 87' lang='lat' dir='ltr'>si</span> <span class='ocrx_word' id='word_1_238' title='bbox 341 2827 451 2871; x_wconf 78' lang='lat' dir='ltr'>riferisoo</span> <span class='ocrx_word' id='word_1_239' title='bbox 472 2833 540 2873; x_wconf 83' lang='lat' dir='ltr'>tento</span> <span class='ocrx_word' id='word_1_240' title='bbox 564 2827 693 2872; x_wconf 85' lang='lat' dir='ltr'>ell’enime</span> <span class='ocrx_word' id='word_1_241' title='bbox 708 2841 721 2874; x_wconf 91' lang='lat' dir='ltr'>e</span> <span class='ocrx_word' id='word_1_242' title='bbox 736 2829 760 2873; x_wconf 83' lang='lat' dir='ltr'>el</span> <span class='ocrx_word' id='word_1_243' title='bbox 778 2840 862 2882; x_wconf 86' lang='lat' dir='ltr'>corpo.</span> <span class='ocrx_word' id='word_1_244' title='bbox 882 2832 977 2882; x_wconf 77' lang='lat' dir='ltr'>quanto</span> <span class='ocrx_word' id='word_1_245' title='bbox 992 2843 1007 2873; x_wconf 85' lang='lat' dir='ltr'><strong>a</strong></span> <span class='ocrx_word' id='word_1_246' title='bbox 1021 2831 1112 2874; x_wconf 80' lang='lat' dir='ltr'>sente-nt</span> 
     </span>
     <span class='ocr_line' id='line_1_30' title="bbox 116 2899 1111 2953; baseline -0.003 -8"><span class='ocrx_word' id='word_1_247' title='bbox 116 2903 202 2945; x_wconf 84' lang='lat' dir='ltr'>cerba.</span> <span class='ocrx_word' id='word_1_248' title='bbox 216 2925 240 2932; x_wconf 91' lang='lat'>-</span> <span class='ocrx_word' id='word_1_249' title='bbox 256 2899 325 2943; x_wconf 83' lang='lat' dir='ltr'>sinc</span> <span class='ocrx_word' id='word_1_250' title='bbox 345 2900 492 2953; x_wconf 80' lang='lat' dir='ltr'>interlin,</span> <span class='ocrx_word' id='word_1_251' title='bbox 507 2912 580 2943; x_wconf 84' lang='lat' dir='ltr'>senze</span> <span class='ocrx_word' id='word_1_252' title='bbox 590 2899 634 2943; x_wconf 92' lang='lat' dir='ltr'>che</span> <span class='ocrx_word' id='word_1_253' title='bbox 645 2899 662 2942; x_wconf 93' lang='lat' dir='ltr'>il</span> <span class='ocrx_word' id='word_1_254' title='bbox 673 2903 737 2944; x_wconf 84' lang='lat' dir='ltr'>tutto</span> <span class='ocrx_word' id='word_1_255' title='bbox 747 2912 827 2952; x_wconf 66' lang='lat' dir='ltr'>veneo</span> <span class='ocrx_word' id='word_1_256' title='bbox 841 2912 856 2943; x_wconf 85' lang='lat' dir='ltr'>e</span> <span class='ocrx_word' id='word_1_257' title='bbox 870 2899 961 2953; x_wconf 89' lang='lat' dir='ltr'>perire,</span> <span class='ocrx_word' id='word_1_258' title='bbox 975 2900 1030 2946; x_wconf 77' lang='lat' dir='ltr'>cioe</span> <span class='ocrx_word' id='word_1_259' title='bbox 1044 2902 1068 2945; x_wconf 83' lang='lat' dir='ltr'>le</span> <span class='ocrx_word' id='word_1_260' title='bbox 1080 2899 1111 2943; x_wconf 80' lang='lat' dir='ltr'>vit</span> 
     </span>
     <span class='ocr_line' id='line_1_31' title="bbox 115 2969 1112 3025; baseline -0.002 -8"><span class='ocrx_word' id='word_1_261' title='bbox 115 2972 227 3025; x_wconf 74' lang='lat' dir='ltr'>parando</span> <span class='ocrx_word' id='word_1_262' title='bbox 242 2969 340 3016; x_wconf 77' lang='lat' dir='ltr'>l&#39;eninre</span> <span class='ocrx_word' id='word_1_263' title='bbox 354 2970 394 3015; x_wconf 82' lang='lat' dir='ltr'>‹lel</span> <span class='ocrx_word' id='word_1_264' title='bbox 405 2983 488 3025; x_wconf 87' lang='lat' dir='ltr'>corpo,</span> <span class='ocrx_word' id='word_1_265' title='bbox 499 2984 511 3015; x_wconf 89' lang='lat' dir='ltr'>e</span> <span class='ocrx_word' id='word_1_266' title='bbox 522 2970 661 3024; x_wconf 69' lang='lat' dir='ltr'>domnione,</span> <span class='ocrx_word' id='word_1_267' title='bbox 670 2969 851 3023; x_wconf 77' lang='lat' dir='ltr'>disgiungendo</span> <span class='ocrx_word' id='word_1_268' title='bbox 860 2969 877 3013; x_wconf 91' lang='lat' dir='ltr'>il</span> <span class='ocrx_word' id='word_1_269' title='bbox 887 2969 1005 3023; x_wconf 83' lang='lat' dir='ltr'>pensiero</span> <span class='ocrx_word' id='word_1_270' title='bbox 1018 2970 1083 3015; x_wconf 85' lang='lat' dir='ltr'>delle</span> <span class='ocrx_word' id='word_1_271' title='bbox 1094 2983 1112 3023; x_wconf 86' lang='lat' dir='ltr'>p</span> 
     </span>
     <span class='ocr_line' id='line_1_32' title="bbox 115 3040 1113 3098; baseline -0.004 -10"><span class='ocrx_word' id='word_1_272' title='bbox 115 3068 142 3074; x_wconf 91' lang='lat'>-</span> <span class='ocrx_word' id='word_1_273' title='bbox 156 3057 217 3088; x_wconf 79' lang='lat' dir='ltr'>econ</span> <span class='ocrx_word' id='word_1_274' title='bbox 235 3043 347 3098; x_wconf 80' lang='lat' dir='ltr'>pertis</span> <span class='ocrx_word' id='word_1_275' title='bbox 357 3041 493 3097; x_wconf 79' lang='lat' dir='ltr'>(deperio)</span> <span class='ocrx_word' id='word_1_276' title='bbox 505 3041 733 3096; x_wconf 75' lang='lat' dir='ltr'>expressisque</span> <span class='ocrx_word' id='word_1_277' title='bbox 753 3040 1113 3092; x_wconf 77' lang='lat' dir='ltr'>senteutiie=senz&#39;erer1</span> 
     </span>
     <span class='ocr_line' id='line_1_33' title="bbox 115 3111 1113 3169; baseline -0.004 -11"><span class='ocrx_word' id='word_1_278' title='bbox 115 3115 238 3169; x_wconf 79' lang='lat' dir='ltr'>consopiti</span> <span class='ocrx_word' id='word_1_279' title='bbox 256 3129 268 3159; x_wconf 90' lang='lat' dir='ltr'>e</span> <span class='ocrx_word' id='word_1_280' title='bbox 283 3114 434 3158; x_wconf 79' lang='lat' dir='ltr'>manifestati</span> <span class='ocrx_word' id='word_1_281' title='bbox 453 3114 461 3157; x_wconf 90' lang='lat' dir='ltr'>i</span> <span class='ocrx_word' id='word_1_282' title='bbox 480 3112 595 3167; x_wconf 83' lang='lat' dir='ltr'>pensiori.</span> <span class='ocrx_word' id='word_1_283' title='bbox 614 3136 640 3143; x_wconf 94' lang='lat'>-</span> <span class='ocrx_word' id='word_1_284' title='bbox 660 3112 842 3166; x_wconf 79' lang='lat' dir='ltr'>illustrem,</span> <span class='ocrx_word' id='word_1_285' title='bbox 864 3111 972 3157; x_wconf 82' lang='lat' dir='ltr'>secondo</span> <span class='ocrx_word' id='word_1_286' title='bbox 992 3112 1018 3156; x_wconf 83' lang='lat' dir='ltr'>le</span> <span class='ocrx_word' id='word_1_287' title='bbox 1036 3111 1113 3157; x_wconf 84' lang='lat' dir='ltr'>derivo</span> 
     </span>
     <span class='ocr_line' id='line_1_34' title="bbox 116 3182 746 3239; baseline -0.003 -10"><span class='ocrx_word' id='word_1_288' title='bbox 116 3186 275 3239; x_wconf 76' lang='lat' dir='ltr'>etimologioe</span> <span class='ocrx_word' id='word_1_289' title='bbox 289 3186 330 3238; x_wconf 86' lang='lat' dir='ltr'>(de</span> <span class='ocrx_word' id='word_1_290' title='bbox 346 3186 432 3238; x_wconf 73' lang='lat' dir='ltr'>luceo),</span> <span class='ocrx_word' id='word_1_291' title='bbox 447 3185 515 3228; x_wconf 75' lang='lat' dir='ltr'>vole:</span> <span class='ocrx_word' id='word_1_292' title='bbox 530 3183 621 3235; x_wconf 77' lang='lat' dir='ltr'>chiaro.</span> <span class='ocrx_word' id='word_1_293' title='bbox 636 3182 746 3237; x_wconf 89' lang='lat' dir='ltr'>limpido.</span> 
     </span>
    </p>
   </div>
   <div class='ocr_carea' id='block_1_5' title="bbox 114 3269 1116 3678">
    <p class='ocr_par' dir='ltr' id='par_1_23' title="bbox 183 3269 793 3329">
     <span class='ocr_line' id='line_1_35' title="bbox 183 3269 793 3329; baseline -0.005 -12"><span class='ocrx_word' id='word_1_294' title='bbox 183 3275 232 3318; x_wconf 70' lang='lat'>25.</span> <span class='ocrx_word' id='word_1_295' title='bbox 251 3276 448 3329; x_wconf 76' lang='lat' dir='ltr'>priusquam</span> <span class='ocrx_word' id='word_1_296' title='bbox 462 3271 500 3315; x_wconf 90' lang='lat' dir='ltr'>ool</span> <span class='ocrx_word' id='word_1_297' title='bbox 514 3285 580 3324; x_wconf 89' lang='lat' dir='ltr'>pres.</span> <span class='ocrx_word' id='word_1_298' title='bbox 594 3269 665 3314; x_wconf 88' lang='lat' dir='ltr'>indic.</span> <span class='ocrx_word' id='word_1_299' title='bbox 681 3269 793 3315; x_wconf 78' lang='lat' dir='ltr'>Perohe?</span> 
     </span>
    </p>

    <p class='ocr_par' dir='ltr' id='par_1_24' title="bbox 114 3338 1116 3678">
     <span class='ocr_line' id='line_1_36' title="bbox 182 3338 1115 3397; baseline -0.009 -8"><span class='ocrx_word' id='word_1_300' title='bbox 182 3345 261 3389; x_wconf 80' lang='lat' dir='ltr'>Notisi</span> <span class='ocrx_word' id='word_1_301' title='bbox 283 3345 327 3389; x_wconf 90' lang='lat' dir='ltr'>ohe</span> <span class='ocrx_word' id='word_1_302' title='bbox 349 3343 391 3397; x_wconf 89' lang='lat' dir='ltr'>qui</span> <span class='ocrx_word' id='word_1_303' title='bbox 406 3343 450 3386; x_wconf 78' lang='lat' dir='ltr'>ln.</span> <span class='ocrx_word' id='word_1_304' title='bbox 465 3342 537 3386; x_wconf 78' lang='lat' dir='ltr'>ruole</span> <span class='ocrx_word' id='word_1_305' title='bbox 552 3340 667 3394; x_wconf 77' lang='lat' dir='ltr'>spiegnre</span> <span class='ocrx_word' id='word_1_306' title='bbox 683 3354 751 3385; x_wconf 86' lang='lat' dir='ltr'>come</span> <span class='ocrx_word' id='word_1_307' title='bbox 767 3340 788 3385; x_wconf 90' lang='lat' dir='ltr'>ei</span> <span class='ocrx_word' id='word_1_308' title='bbox 803 3340 872 3385; x_wconf 87' lang='lat' dir='ltr'>sieno</span> <span class='ocrx_word' id='word_1_309' title='bbox 887 3339 980 3386; x_wconf 82' lang='lat' dir='ltr'>diversi</span> <span class='ocrx_word' id='word_1_310' title='bbox 993 3340 1078 3394; x_wconf 77' lang='lat' dir='ltr'>generi</span> <span class='ocrx_word' id='word_1_311' title='bbox 1098 3338 1115 3382; x_wconf 81' lang='lat' dir='ltr'>d:</span> 
     </span>
     <span class='ocr_line' id='line_1_37' title="bbox 114 3408 1115 3466; baseline -0.004 -10"><span class='ocrx_word' id='word_1_312' title='bbox 114 3427 210 3466; x_wconf 84' lang='lat' dir='ltr'>quenzu</span> <span class='ocrx_word' id='word_1_313' title='bbox 225 3426 238 3458; x_wconf 92' lang='lat' dir='ltr'>e</span> <span class='ocrx_word' id='word_1_314' title='bbox 253 3414 310 3458; x_wconf 83' lang='lat' dir='ltr'>tutti</span> <span class='ocrx_word' id='word_1_315' title='bbox 325 3413 438 3458; x_wconf 77' lang='lat' dir='ltr'>loderoli.</span> <span class='ocrx_word' id='word_1_316' title='bbox 449 3413 496 3456; x_wconf 86' lang='lat' dir='ltr'>Per</span> <span class='ocrx_word' id='word_1_317' title='bbox 509 3411 547 3455; x_wconf 84' lang='lat' dir='ltr'>fur</span> <span class='ocrx_word' id='word_1_318' title='bbox 557 3408 603 3462; x_wconf 77' lang='lat' dir='ltr'>cio.</span> <span class='ocrx_word' id='word_1_319' title='bbox 612 3424 700 3455; x_wconf 85' lang='lat' dir='ltr'>muove</span> <span class='ocrx_word' id='word_1_320' title='bbox 711 3410 752 3454; x_wconf 86' lang='lat' dir='ltr'>del</span> <span class='ocrx_word' id='word_1_321' title='bbox 763 3414 874 3455; x_wconf 83' lang='lat' dir='ltr'>concello</span> <span class='ocrx_word' id='word_1_322' title='bbox 885 3409 930 3455; x_wconf 89' lang='lat' dir='ltr'>che</span> <span class='ocrx_word' id='word_1_323' title='bbox 941 3410 999 3463; x_wconf 76' lang='lat' dir='ltr'>ogni</span> <span class='ocrx_word' id='word_1_324' title='bbox 1009 3424 1067 3456; x_wconf 86' lang='lat' dir='ltr'>cose</span> <span class='ocrx_word' id='word_1_325' title='bbox 1076 3422 1115 3454; x_wconf 88' lang='lat' dir='ltr'>oon</span> 
     </span>
     <span class='ocr_line' id='line_1_38' title="bbox 114 3478 1116 3539; baseline -0.007 -12"><span class='ocrx_word' id='word_1_326' title='bbox 114 3483 157 3535; x_wconf 79' lang='lat' dir='ltr'>pili</span> <span class='ocrx_word' id='word_1_327' title='bbox 172 3484 245 3539; x_wconf 79' lang='lat' dir='ltr'>penti,</span> <span class='ocrx_word' id='word_1_328' title='bbox 258 3484 385 3538; x_wconf 78' lang='lat' dir='ltr'>pregevoli</span> <span class='ocrx_word' id='word_1_329' title='bbox 398 3487 470 3531; x_wconf 83' lang='lat' dir='ltr'>tutte.</span> <span class='ocrx_word' id='word_1_330' title='bbox 484 3497 530 3536; x_wconf 89' lang='lat' dir='ltr'>per</span> <span class='ocrx_word' id='word_1_331' title='bbox 541 3482 653 3526; x_wconf 87' lang='lat' dir='ltr'>dissimili</span> <span class='ocrx_word' id='word_1_332' title='bbox 669 3482 713 3527; x_wconf 83' lang='lat' dir='ltr'>cho</span> <span class='ocrx_word' id='word_1_333' title='bbox 728 3481 803 3526; x_wconf 85' lang='lat' dir='ltr'>sieno.</span> <span class='ocrx_word' id='word_1_334' title='bbox 818 3481 918 3525; x_wconf 83' lang='lat' dir='ltr'>illustra</span> <span class='ocrx_word' id='word_1_335' title='bbox 933 3478 950 3525; x_wconf 92' lang='lat' dir='ltr'>il</span> <span class='ocrx_word' id='word_1_336' title='bbox 961 3495 1006 3526; x_wconf 89' lang='lat' dir='ltr'>suo</span> <span class='ocrx_word' id='word_1_337' title='bbox 1015 3481 1116 3535; x_wconf 75' lang='lat' dir='ltr'>pensiori</span> 
     </span>
     <span class='ocr_line' id='line_1_39' title="bbox 115 3549 1113 3608; baseline -0.003 -12"><span class='ocrx_word' id='word_1_338' title='bbox 115 3553 241 3608; x_wconf 84' lang='lat' dir='ltr'>l&#39;esernpio</span> <span class='ocrx_word' id='word_1_339' title='bbox 252 3553 290 3599; x_wconf 92' lang='lat' dir='ltr'>dei</span> <span class='ocrx_word' id='word_1_340' title='bbox 302 3554 380 3599; x_wconf 85' lang='lat' dir='ltr'>nostri</span> <span class='ocrx_word' id='word_1_341' title='bbox 390 3554 463 3607; x_wconf 87' lang='lat' dir='ltr'>sensi,</span> <span class='ocrx_word' id='word_1_342' title='bbox 474 3553 526 3598; x_wconf 89' lang='lat' dir='ltr'>cosi</span> <span class='ocrx_word' id='word_1_343' title='bbox 535 3551 598 3597; x_wconf 79' lang='lat' dir='ltr'>varii</span> <span class='ocrx_word' id='word_1_344' title='bbox 609 3552 648 3597; x_wconf 85' lang='lat' dir='ltr'>iro</span> <span class='ocrx_word' id='word_1_345' title='bbox 658 3552 768 3606; x_wconf 82' lang='lat' dir='ltr'>loro‚poi</span> <span class='ocrx_word' id='word_1_346' title='bbox 779 3566 823 3596; x_wconf 87' lang='lat' dir='ltr'>con</span> <span class='ocrx_word' id='word_1_347' title='bbox 834 3552 856 3597; x_wconf 90' lang='lat' dir='ltr'>le</span> <span class='ocrx_word' id='word_1_348' title='bbox 866 3550 974 3596; x_wconf 85' lang='lat' dir='ltr'>muniere</span> <span class='ocrx_word' id='word_1_349' title='bbox 985 3552 1080 3597; x_wconf 83' lang='lat' dir='ltr'>diverse</span> <span class='ocrx_word' id='word_1_350' title='bbox 1090 3549 1113 3594; x_wconf 91' lang='lat' dir='ltr'>di</span> 
     </span>
     <span class='ocr_line' id='line_1_40' title="bbox 114 3618 1113 3678; baseline -0.002 -13"><span class='ocrx_word' id='word_1_351' title='bbox 114 3622 168 3675; x_wconf 88' lang='lat' dir='ltr'>pire</span> <span class='ocrx_word' id='word_1_352' title='bbox 179 3637 192 3667; x_wconf 93' lang='lat' dir='ltr'>e</span> <span class='ocrx_word' id='word_1_353' title='bbox 203 3624 331 3678; x_wconf 81' lang='lat' dir='ltr'>‹lipingere</span> <span class='ocrx_word' id='word_1_354' title='bbox 347 3637 360 3669; x_wconf 92' lang='lat' dir='ltr'>e</span> <span class='ocrx_word' id='word_1_355' title='bbox 376 3624 448 3668; x_wconf 89' lang='lat' dir='ltr'>infine</span> <span class='ocrx_word' id='word_1_356' title='bbox 464 3623 488 3668; x_wconf 90' lang='lat' dir='ltr'>di</span> <span class='ocrx_word' id='word_1_357' title='bbox 502 3623 676 3677; x_wconf 84' lang='lat' dir='ltr'>poctere.1ndi</span> <span class='ocrx_word' id='word_1_358' title='bbox 692 3618 783 3676; x_wconf 86' lang='lat' dir='ltr'>espone</span> <span class='ocrx_word' id='word_1_359' title='bbox 794 3623 816 3666; x_wconf 86' lang='lat' dir='ltr'>le</span> <span class='ocrx_word' id='word_1_360' title='bbox 831 3621 899 3666; x_wconf 83' lang='lat' dir='ltr'>varie</span> <span class='ocrx_word' id='word_1_361' title='bbox 910 3621 994 3676; x_wconf 85' lang='lat' dir='ltr'>specie</span> <span class='ocrx_word' id='word_1_362' title='bbox 1005 3622 1029 3667; x_wconf 91' lang='lat' dir='ltr'>di</span> <span class='ocrx_word' id='word_1_363' title='bbox 1044 3623 1113 3674; x_wconf 87' lang='lat' dir='ltr'>eloqu</span> 
     </span>
    </p>
   </div>
   <div class='ocr_carea' id='block_1_6' title="bbox 113 3707 1118 3908">
    <p class='ocr_par' dir='ltr' id='par_1_25' title="bbox 113 3707 1118 3908">
     <span class='ocr_line' id='line_1_41' title="bbox 156 3707 1117 3767; baseline -0.001 -14"><span class='ocrx_word' id='word_1_364' title='bbox 156 3710 231 3764; x_wconf 74' lang='lat' dir='ltr'>cap.</span> <span class='ocrx_word' id='word_1_365' title='bbox 247 3712 321 3756; x_wconf 87' lang='lat' dir='ltr'>vll.</span> <span class='ocrx_word' id='word_1_366' title='bbox 337 3707 363 3743; x_wconf 60' lang='lat'>-2</span> <span class='ocrx_word' id='word_1_367' title='bbox 377 3712 409 3756; x_wconf 90' lang='lat' dir='ltr'><em>N</em></span> <span class='ocrx_word' id='word_1_368' title='bbox 411 3715 520 3767; x_wconf 76' lang='lat' dir='ltr'>eluro,</span> <span class='ocrx_word' id='word_1_369' title='bbox 535 3712 548 3756; x_wconf 75' lang='lat' dir='ltr'>e</span> <span class='ocrx_word' id='word_1_370' title='bbox 563 3714 690 3757; x_wconf 77' lang='lat' dir='ltr'>concreto:</span> <span class='ocrx_word' id='word_1_371' title='bbox 705 3725 716 3754; x_wconf 94' lang='lat'>‹</span> <span class='ocrx_word' id='word_1_372' title='bbox 732 3725 790 3756; x_wconf 86' lang='lat' dir='ltr'>cose</span> <span class='ocrx_word' id='word_1_373' title='bbox 805 3711 829 3754; x_wconf 92' lang='lat' dir='ltr'>in</span> <span class='ocrx_word' id='word_1_374' title='bbox 843 3715 932 3755; x_wconf 79' lang='lat' dir='ltr'>natura</span> <span class='ocrx_word' id='word_1_375' title='bbox 947 3721 966 3755; x_wconf 84' lang='lat'>›.</span> <span class='ocrx_word' id='word_1_376' title='bbox 980 3709 1036 3757; x_wconf 85' lang='lat' dir='ltr'>Cosl</span> <span class='ocrx_word' id='word_1_377' title='bbox 1050 3711 1066 3754; x_wconf 88' lang='lat' dir='ltr'>il</span> <span class='ocrx_word' id='word_1_378' title='bbox 1076 3709 1117 3754; x_wconf 79' lang='lat' dir='ltr'>Cin</span> 
     </span>
     <span class='ocr_line' id='line_1_42' title="bbox 115 3781 1117 3837; baseline 0 -12"><span class='ocrx_word' id='word_1_379' title='bbox 115 3782 291 3836; x_wconf 75' lang='lat' dir='ltr'>dignentur</span> <span class='ocrx_word' id='word_1_380' title='bbox 306 3781 318 3826; x_wconf 76' lang='grc' dir='ltr'>ὸ</span> <span class='ocrx_word' id='word_1_381' title='bbox 333 3781 376 3835; x_wconf 90' lang='lat' dir='ltr'>qui</span> <span class='ocrx_word' id='word_1_382' title='bbox 390 3786 461 3827; x_wconf 80' lang='lat' dir='ltr'>uento</span> <span class='ocrx_word' id='word_1_383' title='bbox 477 3783 668 3836; x_wconf 79' lang='lat' dir='ltr'>passivumente.</span> <span class='ocrx_word' id='word_1_384' title='bbox 680 3806 706 3812; x_wconf 95' lang='lat'><em>-</em></span> <span class='ocrx_word' id='word_1_385' title='bbox 717 3782 901 3837; x_wconf 78' lang='lat' dir='ltr'>proximum</span> <span class='ocrx_word' id='word_1_386' title='bbox 915 3799 942 3817; x_wconf 92' lang='lat'><strong><em>=</em></strong></span> <span class='ocrx_word' id='word_1_387' title='bbox 955 3794 1001 3836; x_wconf 89' lang='lat' dir='ltr'>per</span> <span class='ocrx_word' id='word_1_388' title='bbox 1011 3782 1117 3827; x_wconf 82' lang='lat' dir='ltr'>ultimo.-</span> 
     </span>
     <span class='ocr_line' id='line_1_43' title="bbox 113 3851 1118 3908; baseline -0.006 -9"><span class='ocrx_word' id='word_1_389' title='bbox 113 3866 211 3900; x_wconf 76' lang='lat' dir='ltr'>unum</span> <span class='ocrx_word' id='word_1_390' title='bbox 234 3865 364 3898; x_wconf 74' lang='lat' dir='ltr'>sensum</span> <span class='ocrx_word' id='word_1_391' title='bbox 387 3854 548 3898; x_wconf 83' lang='lat' dir='ltr'>dissimili</span> <span class='ocrx_word' id='word_1_392' title='bbox 568 3866 682 3908; x_wconf 74' lang='lat' dir='ltr'>penore</span> <span class='ocrx_word' id='word_1_393' title='bbox 704 3853 863 3897; x_wconf 79' lang='lat' dir='ltr'>delectent</span> <span class='ocrx_word' id='word_1_394' title='bbox 877 3870 902 3887; x_wconf 95' lang='lat'>=</span> <span class='ocrx_word' id='word_1_395' title='bbox 917 3851 962 3897; x_wconf 90' lang='lat' dir='ltr'>che</span> <span class='ocrx_word' id='word_1_396' title='bbox 977 3852 1001 3897; x_wconf 95' lang='lat' dir='ltr'>in</span> <span class='ocrx_word' id='word_1_397' title='bbox 1015 3866 1048 3898; x_wconf 90' lang='lat' dir='ltr'>un</span> <span class='ocrx_word' id='word_1_398' title='bbox 1063 3852 1118 3896; x_wconf 78' lang='lat' dir='ltr'>sols</span> 
     </span>
    </p>
   </div>
   <div class='ocr_carea' id='block_1_7' title="bbox 0 0 1268 4246">
    <p class='ocr_par' dir='ltr' id='par_1_26' title="bbox 0 0 1268 4246">
     <span class='ocr_line' id='line_1_44' title="bbox 0 0 1268 4246; baseline 0 0"><span class='ocrx_word' id='word_1_399' title='bbox 0 0 1268 4246; x_wconf 95' lang='lat' dir='ltr'> </span> 
     </span>
    </p>
   </div>
  </div>
 </body>
</html>
