2526 4246
153 133 187 186 46
517 148 550 186 ru.
570 147 673 186 rursum
693 146 851 187 crosrcoms

153 261 255 335 partes
277 250 359 317 illius
382 250 475 337 ipsius
490 251 671 338 prudentiae
685 251 831 337 petendas
846 270 939 316 essea
954 249 1149 336 philosophia
1169 250 1220 318 do·

153 347 238 418 cebat
252 368 352 434 neque
367 369 411 426 ea,
428 370 505 435 quae
527 359 731 415 statuerentur
742 349 775 413 in
791 369 824 414 re
839 349 959 433 publica
981 349 1019 414 de
1033 347 1080 413 dis
1095 348 1221 414 immor·

153 445 273 523 talibus,
296 445 335 512 de
356 446 515 532 disciplina
537 446 711 523 iuventutis,
735 445 773 511 de
796 446 917 523 iustitia,
940 446 977 511 de
999 445 1157 532 patientia,
1182 447 1220 513 de

154 545 364 628 temperantia,
387 544 426 610 de
443 544 533 609 modo
555 564 660 610 rerum
683 544 821 609 omnium
843 555 1009 629 ceteraque,
1026 545 1092 611 sine
1108 544 1221 629 quibus

153 640 288 706 civitates
299 652 351 707 aut
366 662 430 707 esse
445 652 497 707 aut
511 642 589 707 bene
604 641 776 707 moderatae
788 662 852 706 esse
864 661 926 706 non
940 650 1071 727 possent,
1087 662 1218 728 usquam

93 742 127 796 86
155 738 186 802 in
208 758 315 804 eorum
337 740 469 805 inveniri
487 739 607 805 libellis.
653 739 765 823 Quodsi
790 749 903 804 tantam
925 739 989 803 vim
1003 760 1109 805 rerum
1125 741 1220 805 maxi-

154 855 274 901 marum
296 848 360 901 arte
382 858 435 903 sua
458 837 600 903 rhetorici
616 837 662 901 illi
678 837 813 903 doctores
832 839 1113 923 complecterentur,
1130 858 1220 924 quae·

153 931 248 1009 rebat,
264 952 316 998 cur
332 933 369 998 de
384 934 548 1018 prooemiis
563 934 645 1000 etde
667 933 793 1020 epilogis
814 932 897 998 etde
916 933 1007 999 huius
1024 933 1106 998 modi
1130 936 1220 1021 nugis

153 1065 196 1076 -
209 1030 250 1094 sic
265 1030 348 1095 enim
363 1032 536 1116 appellabat
549 1071 588 1078 —
604 1032 708 1097 referti
724 1041 824 1123 essent
845 1050 952 1096 eorum
966 1030 1047 1109 libri,
1063 1031 1102 1097 de
1118 1032 1219 1098 civita-

153 1124 233 1191 tibus
245 1126 448 1205 instituendis,
461 1129 499 1194 de
511 1129 677 1195 scribendis
689 1128 813 1214 legibus,
827 1127 1031 1213 deaequitate,
1043 1128 1081 1194 de
1094 1129 1217 1208 iustitia,

153 1223 191 1289 de
207 1224 276 1302 fide,
289 1225 327 1291 de
339 1225 513 1312 frangendis
527 1227 751 1313 cupiditatibus,
767 1226 805 1292 de
816 1225 1040 1291 conformandis
1056 1227 1217 1295 hominum

93 1339 126 1392 87
153 1322 289 1389 moribus
311 1323 411 1389 littera
426 1327 511 1390 nulla
527 1326 558 1389 in
578 1346 684 1391 eorum
699 1324 786 1390 libris
808 1324 1009 1390 inveniretur.
1054 1323 1122 1410 ipsa
1145 1346 1218 1392 vero

152 1432 311 1506 praecepta
339 1423 380 1488 sic
406 1423 535 1488 illudere
558 1423 682 1499 solebat,
706 1434 739 1488 ut
764 1422 933 1498 ostenderet
962 1442 1024 1486 non
1046 1423 1139 1488 modo
1167 1445 1218 1490 eos

151 1530 291 1604 supertes
312 1521 473 1586 esseillius
495 1520 685 1606 prudentiae,
701 1541 793 1606 quarn
809 1520 864 1585 sibi
882 1520 1089 1599 adsciscerent,
1110 1521 1163 1588 sed
1178 1542 1229 1589 ne·

152 1617 229 1682 hanc
252 1618 375 1703 quidem
398 1619 495 1704 ipsam
524 1618 642 1684 dicendi
666 1618 814 1684 rationein
837 1640 870 1684 ac
892 1616 1098 1685 riam'nosse.
1122 1619 1217 1706 Caput

151 1716 234 1780 enim
249 1715 454 1781 arbitrabatur
468 1736 532 1781 esse
545 1717 681 1792 oratoris,
697 1727 731 1782 ut
741 1726 771 1781 et
784 1717 848 1801 ipse
860 1717 905 1792 iis,
918 1716 999 1801 apud
1015 1736 1090 1801 quos
1106 1728 1216 1804 ageret,

149 1813 227 1888 talis,
244 1814 365 1896 qualem
380 1833 412 1877 se
427 1833 492 1878 esse
507 1823 633 1897 optaret,
650 1814 819 1893 videretur;
834 1813 866 1878 id
883 1814 949 1878 fieri
966 1813 1045 1879 vitae
1060 1815 1215 1900 dignitate,

149 1910 187 1975 de
202 1931 261 1995 qua
276 1911 355 1975 nihil
372 1911 516 1976 rhetorici
535 1912 582 1975 isti
600 1912 734 1977 doctores
751 1913 782 1977 in
805 1913 973 1998 praeceptis
995 1913 1058 1977 suis
1081 1915 1216 1999 reliquis-

149 2017 229 2086 sent;
253 2008 349 2074 etuti
371 2009 409 2085 ei,
433 2009 485 2095 qui
508 2004 659 2085 audirent,
683 2010 724 2075 sic
746 2011 950 2076 adficerentur
971 2010 1092 2089 animis,
1115 2022 1150 2077 ut
1166 2032 1216 2077 eos

150 2104 236 2170 adfici
260 2109 353 2171 vellet
374 2117 489 2186 orator;
513 2107 593 2192 quod
616 2107 688 2172 item
716 2107 782 2173 tieri
806 2111 891 2174 nullo
920 2108 1010 2173 modo
1032 2129 1130 2194 posse,
1157 2110 1214 2175 nisi

148 2217 303 2291 cognosset
314 2205 348 2283 is,
362 2206 414 2290 qui
429 2205 550 2282 diceret,
564 2216 636 2289 quot
649 2205 747 2269 modis
763 2206 923 2271 hominum
934 2216 1053 2271 mentes
1064 2217 1095 2272 et
1106 2207 1216 2292 quihus

149 2312 179 2366 et
201 2323 261 2387 quo
275 2323 386 2389 genere
404 2304 549 2369 orationis
564 2303 596 2366 in
613 2323 765 2387 quamque
779 2313 898 2388 partem
913 2296 1125 2370 moverentur:
1144 2306 1216 2370 haec

150 2409 251 2465 autem
266 2421 331 2466 esse
345 2403 466 2486 penitus
482 2403 514 2466 iu
530 2400 630 2466 media
645 2401 839 2485 philosophia
861 2411 978 2466 retrusa
993 2410 1084 2486 atque
1099 2402 1214 2479 abdita;

90 2517 125 2571 88
151 2518 228 2581 (garae
242 2499 289 2561 isti
306 2499 443 2564 rhetores
455 2520 494 2564 ne
505 2498 692 2583 primoribus
707 2498 831 2583 quidem
846 2499 939 2562 labris
954 2499 1131 2585 attigissent.
1176 2502 1215 2566 lia

150 2595 344 2661 Menedemus
359 2598 506 2682 exemplis
523 2596 616 2681 magis
639 2614 730 2679 quam
746 2597 933 2682 argumentis
948 2597 1115 2663 conabatur
1129 2598 1216 2664 refel-

149 2694 221 2758 lere.
245 2694 417 2759 llemoriter
439 2695 522 2759 enim
545 2696 641 2758 multa
656 2714 690 2758 ex
708 2695 895 2759 creationibus
918 2694 1115 2761 Demostheni
1130 2717 1217 2782 prae-

148 2864 322 2909 Mencdcmus.
336 2887 362 2894 —
372 2863 584 2918 prudentiae,
598 2874 674 2906 senno
688 2863 798 2917 politico,
813 2861 922 2916 politico.
936 2885 962 2894 ·-
979 2864 1014 2907 dc
1033 2864 1217 2920 disciplina

148 2950 176 2964 -
189 2930 402 2975 dcll'oduoazione.
418 2929 568 2984 Disciplina
582 2931 636 2981 (per
650 2929 817 2983 discipulina)
834 2929 846 2972 h
862 2928 893 2972 da
908 2930 984 2974 disco.

215 3011 267 3054 86.
283 3010 318 3053 ae
334 3009 552 3063 prooemiis
576 3007 701 3062 referti.
715 3009 780 3053 Nota
794 3011 913 3053 costi-utto
923 3007 1048 3053 rarissimo
1059 3009 1082 3053 di
1094 3011 1217 3065 resarcire

146 3089 193 3122 aon
207 3077 251 3129 de;
265 3075 281 3119 il
297 3079 415 3119 costrutto
429 3074 473 3129 pih
487 3087 590 3119 comune
611 3073 625 3118 ὁ
647 3075 685 3119 col
708 3075 824 3129 soruplice
846 3075 894 3118 abl.
915 3096 940 3105 -
962 3074 996 3117 de
1013 3075 1216 3130 sranpendis

147 3143 387 3198 cupiditatibus
402 3161 429 3175 ε·
444 3141 484 3186 del
498 3140 596 3185 frenare
610 3140 645 3193 gli
660 3141 772 3194 appetiti.

215 3224 267 3266 87.
285 3220 388 3275 Caput
401 3240 428 3253 =
441 3220 505 3264 Dete
520 3218 664 3273 principale,
675 3219 771 3272 quatita
781 3218 981 3272 indispenssbile.
997 3243 1019 3250 -
1036 3222 1123 3275 apua
1137 3236 1216 3277 pisos

146 3292 254 3343 ageret
275 3308 302 3321 =
322 3288 490 3340 disceptaret,
508 3288 650 3338 tractaret,
671 3286 826 3339 loqueretur.
847 3309 873 3315 -
893 3286 1029 3339 penitus
1052 3287 1086 3330 in
1107 3292 1217 3335 media

143 3354 359 3408 philosophia
372 3373 399 3386 -
412 3352 475 3396 bene
490 3350 609 3396 addentro
623 3350 663 3395 nel
674 3364 747 3396 onore
763 3351 828 3395 dolls
837 3350 946 3394 filosollo.
955 3352 981 3395 ln
996 3352 1027 3395 cte
1040 3351 1101 3407 Lep.
1115 3354 1135 3407 l,
1148 3359 1170 3410 5,
1184 3360 1218 3412 17,

145 3419 194 3464 Cic.
209 3421 302 3464 scrire:
315 3419 425 3463 Perottus
440 3430 470 3463 ea
483 3417 580 3462 intima
590 3416 769 3471 philosophia.
783 3440 808 3447 -
827 3420 961 3461 retrusa
983 3420 1078 3472 atquc
1099 3420 1224 3467 abdita·

144 3506 172 3520 -ι
187 3479 337 3529 ollontonoto
352 3484 419 3529 dalla
432 3484 496 3528 vista
511 3496 524 3526 o
538 3487 658 3527 nascostc.
673 3482 721 3526 Oic.
735 3496 780 3527 usa
794 3483 818 3527 lo
833 3487 912 3526 siesse
931 3482 1020 3527 unione
1042 3482 1066 3527 di
1087 3486 1176 3538 parole
1190 3489 1216 3534 in

150 3551 223 3596 Vorr.
237 3554 257 3604 3,
269 3553 290 3594 3.
303 3573 330 3581 -
344 3563 380 3594 nc
395 3549 600 3605 primoribus
622 3548 750 3604 quidam
772 3548 877 3593 labris
891 3568 917 3581 =·
936 3561 1033 3602 ueppur
1053 3550 1219 3609 liovemsnto3

144 3618 195 3662 sllu
208 3617 308 3662 lettera:
329 3628 439 3669 nappure
460 3614 524 3659 colla
545 3613 657 3658 sommitb
678 3613 743 3658 delle
763 3614 857 3667 labbara,
871 3613 935 3657 colla
948 3618 1027 3668 punto
1041 3615 1107 3661 della
1121 3617 1219 3673 lingua,

144 3697 213 3729 come
229 3683 253 3726 di
268 3682 306 3726 chi
322 3680 421 3733 cassani
435 3693 534 3734 oppena
548 3692 562 3723 o
577 3679 614 3723 sia
628 3679 769 3725 schitiltoso.

213 3763 266 3806 88.
279 3760 504 3805 Memoriter...
516 3758 737 3813 pronuntians
751 3778 778 3792 -
796 3756 931 3802 Recitundo
946 3772 961 3802 e
975 3759 1099 3804 irremotis.
1119 3784 1146 3794 -
1160 3763 1217 3811 De.

133 3837 304 3881 mostheni
316 3833 329 3880 ὸ
342 3847 399 3888 gen.
413 3832 436 3880 si
451 3847 480 3878 sc
498 3832 543 3878 cho
559 3832 567 3876 i
581 3831 646 3876 nomi
664 3833 760 3887 proprii
779 3833 804 3877 in
823 3847 849 3877 es
863 3826 913 3894 (ης)
927 3834 971 3879 cho
990 3836 1030 3880 nel
1048 3849 1113 3881 nom.
1131 3850 1144 3882 e
1160 3853 1217 3893 gera.
