2526 4246
222 118 265 157 ne
282 116 427 159 onaronn
444 118 507 159 nm.
525 118 574 168 111,
595 117 664 159 car.
681 118 800 172 n1-L111,
821 122 831 169 ι
846 119 936 162 198-202
1056 104 1107 158 353

31 214 219 300 decentiam,
242 223 401 289 sententiis
423 243 497 290 vero
519 223 557 288 ad
579 223 759 309 gravitatem
781 224 927 289 orationis
941 234 1045 290 utatur
1060 224 1108 311 [ut

29 314 69 403 ii,
83 326 133 412 qui
157 327 189 391 in
206 346 363 393 armorum
384 327 563 392 tractatione
577 331 761 407 versanturl.
807 326 990 393 Formantur
1004 339 1106 393 autem
1131 343 1181 397 201

28 438 67 495 et
79 429 173 495 verba
195 440 226 495 et
246 429 415 495 sententiae
436 449 535 515 paene
556 429 834 507 innumerabiliter,
851 429 932 514 quod
953 430 1025 495 satis
1046 431 1106 496 scio

30 542 141 599 notum
168 552 234 598 esse
259 532 366 611 vobis;
394 532 447 598 sed
476 533 557 598 inter
583 531 855 598 conformationem
881 533 1048 599 verborum
1077 544 1107 598 et

28 635 256 702 sententiarum
280 635 336 700 boc
358 635 494 712 interest,
518 635 598 721 quod
621 635 788 702 verborum
811 635 942 712 tollitur,
965 635 989 700 si
1012 636 1106 701 verba

29 738 173 814 mutaris,
184 737 406 804 sententiarum
418 748 588 823 permanet,
597 738 839 823 quibuscumque
851 738 953 804 verbis
964 738 1007 804 uti
1022 738 1105 804 velis.

29 840 122 925 Quod
149 839 274 927 quidem
299 860 353 906 vos
381 840 436 905 etsi
463 839 572 918 facitis,
597 851 699 906 tamen
727 840 936 906 admonendos
956 851 1044 927 puto,
1069 860 1108 905 ne

32 943 109 1031 qnid
131 962 197 1008 esse
219 941 302 1008 aliud
329 941 457 1007 oratoris
483 942 609 1028 putetis,
637 942 718 1029 quod
741 943 866 1029 quidem
892 943 931 1008 sit
952 943 1108 1030 egregium

33 1058 126 1132 atque
140 1044 293 1120 mirabile,
309 1042 367 1108 nisi
383 1043 416 1109 in
430 1043 557 1131 singulis
572 1044 674 1110 verbis
690 1045 742 1110 illa
759 1045 818 1110 tria
834 1056 948 1122 tenere,
964 1056 998 1112 ut
1012 1057 1108 1112 trans-

33 1149 103 1215 latis
125 1159 251 1214 utamur
271 1146 448 1231 frequenter
469 1146 687 1232 interdumque
702 1147 796 1225 factis,
813 1168 882 1213 raro
898 1160 999 1215 autem
1015 1150 1107 1214 etiarn

32 1250 227 1339 pervetustis.
247 1249 279 1314 ln
295 1258 444 1335 perpetua
459 1260 560 1316 autem
576 1249 722 1326 oratione,
738 1270 806 1316 curn
833 1261 863 1315 et
888 1251 1108 1317 coniunctionis

34 1354 193 1422 levitatem
215 1362 245 1418 et
266 1371 481 1430 numerorum,
508 1372 600 1438 quam
627 1352 704 1429 dixi,
732 1353 882 1418 rationem
908 1353 1107 1429 tenuerimus,

34 1468 101 1525 tum
123 1466 170 1523 est
183 1456 269 1542 quasi
291 1455 461 1522 luminibus
483 1456 696 1542 distinguenda
719 1466 749 1522 et
771 1455 993 1541 frequentanda
1008 1457 1108 1520 omnis

34 1559 132 1626 oratio
154 1558 375 1624 sententiarum
398 1568 488 1644 atque
510 1558 684 1641 uerborum.

77 1663 181 1730 nul.
218 1660 294 1727 Nam
316 1671 347 1726 et
367 1663 563 1727 commoratio
577 1682 639 1728 una
656 1663 687 1727 in
705 1683 738 1728 re
753 1664 943 1747 permultum
962 1671 1109 1727 monetet
1134 1675 1150 1725 ι
1168 1686 1174 1695 ·

35 1766 165 1834 illustris
186 1764 361 1851 explanatio
384 1786 558 1850 rerumque,
581 1767 666 1851 quasi
690 1778 844 1852 gerantur,
862 1768 917 1833 sub
933 1767 1108 1852 adspectum

37 1888 138 1955 paene
159 1867 317 1946 subiectio;
335 1888 412 1952 quae
432 1877 462 1933 ιι
483 1869 515 1932 in
538 1869 719 1953 exponenda
742 1890 775 1935 re
798 1871 968 1955 plurimum
983 1872 1064 1935 valet
1079 1880 1108 1935 et

37 1973 76 2039 atl
98 1970 317 2038 illustrandum
339 1970 380 2047 id,
396 1970 476 2057 quod
492 1972 666 2056 exponitur,
682 1983 712 2037 et
734 1973 771 2037 acl
795 1973 1058 2058 amplificandum
1076 1982 1109 2038 ut

39 2075 85 2153 iis,
97 2075 150 2161 qui
165 2072 300 2151 audient,
317 2072 403 2149 illud,
420 2073 501 2157 quocl
516 2074 702 2160 augebimus,
716 2085 864 2158 quantum
879 2075 999 2139 ellicere
1014 2075 1109 2138 oratio

37 2178 158 2265 poterit,
171 2186 292 2243 tantum
306 2196 371 2241 esse
382 2176 535 2251 videntum
552 2187 580 2242 ot
599 2177 668 2243 ltuic
682 2177 832 2242 contraria
853 2198 942 2263 saepe
954 2177 1110 2262 percursio

40 2292 82 2347 est
103 2290 134 2346 et
155 2283 225 2367 plus
247 2278 286 2344 ad
308 2278 558 2365 intellegentium,
574 2300 667 2364 quun
683 2280 805 2358 dixeris,
823 2280 1001 2366 significatio
1023 2290 1052 2345 et
1068 2277 1110 2341 cli-

103 2527 175 2571 eol.
190 2524 427 2571 Formantur...
445 2524 737 2569 irritacrrterabt'lc'ter
755 2542 781 2559 =
800 2524 982 2569 Innumereroli
1003 2524 1044 2577 poi
1066 2535 1109 2566 sou

42 2593 62 2638 le
74 2592 152 2647 figure
167 2591 220 2637 cosi
234 2590 259 2634 di
272 2589 359 2644 parole
374 2603 443 2634 eome
459 2590 482 2634 ιιι
493 2590 616 2644 pensiero.
631 2612 657 2620 —
671 2591 755 2634 satis
769 2609 796 2626 =
815 2591 885 2635 bene.
900 2614 926 2622 —
947 2591 1028 2644 quod
1048 2603 1111 2633 ver-

43 2664 160 2711 boram.
174 2696 200 2709 ..
223 2662 483 2713 sententiarum
503 2662 509 2705 i
533 2661 580 2705 due
602 2661 705 2714 genitivi
723 2661 863 2714 utpendono
886 2662 917 2706 du
938 2662 1111 2716 conformatio

41 2736 174 2781 tottinteso.
196 2755 222 2765 -
244 2733 326 2787 qaod
346 2732 472 2787 quidem
493 2733 543 2776 sit.
566 2731 629 2776 Vodi
644 2730 668 2775 in
688 2733 707 2784 l,
726 2734 765 2777 129
783 2738 842 2778 noto
861 2732 909 2777 elle
928 2732 1015 2786 parole
1035 2746 1110 2787 quern

42 2806 142 2861 auidam
151 2804 322 2860 probaret-
337 2805 443 2846 tenere
457 2820 483 2837 =
505 2816 645 2855 osserrare,
669 2817 728 2847 uror
750 2802 774 2847 di
797 2804 866 2849 mira.
889 2826 915 2834 -
935 2804 1112 2848 interdurn-

42 2888 94 2931 utto
114 2877 273 2926 (utamur)
298 2873 400 2926 sactis
423 2891 449 2909 =
464 2887 477 2916 ι
492 2872 597 2926 qualche
611 2874 679 2918 volta
701 2874 722 2919 oi
744 2876 866 2919 serviente
881 2873 946 2919 (lello
965 2875 1051 2929 parole
1071 2888 1111 2917 ro-

42 2946 103 2993 atate
122 2946 155 2991 da
169 2943 218 2990 noi.
232 2967 258 2974 -
273 2944 452 2995 levitatem,
466 2943 631 2994 naturuluzzo,
645 2944 976 2998 spontnneitcl,levigatczza.
986 2944 1055 2993 (*l'r.§
1068 2948 1111 2987 tat.

41 3039 65 3049 -
76 3014 358 3074 frequentanda...
377 3014 617 3059 sententiarum
632 3031 658 3049 τε
673 3014 704 3058 ua
719 3027 853 3068 resparger
868 3014 893 3057 cli
908 3013 1021 3057 conoetti.

77 3115 152 3169 cap.
167 3111 260 3157 11111.
275 3134 301 3141 -
315 3111 390 3154 202.
412 3110 494 3154 Nam
509 3113 572 3156 ct...
587 3108 632 3162 Qut
644 3109 693 3153 Cic.
704 3108 850 3152 incomincia
866 3122 880 3151 n
896 3107 948 3151 clire
960 3107 997 3151 cle'
1007 3108 1111 3151 laticina·

41 3190 140 3237 dicendi
159 3178 314 3249 (σχήματα).
335 3208 362 3216 -
384 3186 591 3230 corttrrtoralt'o
608 3175 740 3243 (ἑπιμὸνη)
756 3202 782 3219 ·--
796 3183 814 3226 ιι
833 3181 947 3225 fcrtttorsi
963 3196 977 3225 u
994 3182 1068 3231 lungo
1084 3196 1112 3225 su

40 3260 64 3306 cti
75 3276 108 3307 un
122 3264 201 3316 punto
216 3257 366 3311 particolore
382 3255 592 3307 tlell'urgomeuto.
608 3254 653 3298 Nol
668 3269 717 3310 pro
734 3253 834 3298 Gaecirt-
851 3252 899 3297 Cic.
914 3252 934 3295 si
949 3252 1027 3295 fermo
1037 3256 1113 3295 trorrt·

38 3333 167 3379 moratur)
181 3326 257 3373 molto
271 3326 311 3371 nol
330 3330 456 3370 sostenero
473 3323 518 3368 ohe
535 3325 694 3369 l'arrersurio
709 3323 829 3377 riponeva
848 3325 912 3366 tutta
928 3322 953 3365 ln
970 3335 1015 3365 sun
1032 3320 1112 3365 difusa

39 3400 61 3445 in
74 3416 125 3448 uria
139 3401 237 3446 lettera.
250 3421 277 3428 -
298 3398 307 3441 ι’
313 3397 447 3441 ilustris
469 3397 660 3449 explanatio
677 3415 703 3432 =
721 3394 778 3439 viru
795 3392 929 3445 clipinturn.
943 3392 1113 3445 Explarratio,

38 3476 161 3523 chiamato
180 3472 258 3519 anche
277 3471 399 3526 expolitio
417 3464 569 3530 (ἕκιρριισις)
587 3471 611 3523 ὲ,
631 3471 737 3517 neonus
757 3470 807 3515 Cio.
825 3471 861 3512 aa
881 3468 942 3512 Her.
960 3467 1006 3517 IV,
1024 3469 1057 3511 ta.
1076 3470 1113 3511 nt:

38 3558 95 3593 cum
105 3548 134 3591 in
148 3545 237 3591 eodem
248 3543 302 3587 loco
317 3555 454 3587 rrtarcernus
470 3545 494 3586 ιι
508 3543 585 3587 aliud
600 3546 678 3596 atquc
688 3542 765 3587 atina
775 3541 860 3585 dicere
873 3540 999 3583 cudentur.
1014 3561 1040 3568 -
1056 3538 1114 3581 arcb

38 3619 227 3673 adspectum
237 3625 339 3667 paene
354 3626 388 3656 su
397 3614 410 3657 b
418 3613 492 3656 lecti
499 3625 512 3655 o
523 3612 535 3655 ὲ
545 3613 568 3657 ln
577 3612 813 3666 roppreseutuzione
824 3610 930 3654 nientnlo
939 3608 962 3652 cli
973 3623 1003 3652 un
1012 3614 1114 3661 oggi-tto

37 3681 238 3751 (ὑποτύπωσις).
255 3711 281 3718 -
296 3701 311 3742 q
318 3691 420 3732 ιιιιιιιιι
427 3701 489 3733 ιιι...
508 3691 633 3732 tarrtrtnr
651 3706 677 3724 ==
692 3686 743 3731 eosl
760 3684 891 3739 grando...
907 3694 998 3737 ιιιιιιιιιο
1013 3684 1114 3737 granulo.

37 3796 63 3806 —-
71 3770 249 3830 percursio
266 3760 481 3827 (ἐπιτριχασμὸς)
500 3765 554 3811 buu
570 3767 644 3811 breve
664 3766 796 3811 sonrnrario
807 3762 846 3807 clel
857 3762 920 3808 ιἰιιιο
935 3762 1080 3815 principale.

37 3850 247 3910 cionist'oatio
265 3842 398 3908 (ἔμφασις)
415 3846 448 3891 clla
467 3846 490 3891 ul
510 3846 619 3891 ‹linc-orso
639 3859 671 3890 un
689 3857 761 3889 senso
781 3840 825 3897 pilu
844 3840 967 3897 profonda
986 3840 1030 3885 che
1050 3839 1115 3883 uallo

71 4012 103 4055 aa
130 4008 273 4053 Crannonis
286 4010 320 4054 do
335 4014 405 4056 orat.
419 4010 557 4065 (Firumni)
573 4012 620 4059 lll.
