2526 4246
133 119 167 171 24
281 130 284 135 ’
497 130 834 173 ar.uu1nrrcrounon1s

132 246 256 313 constet,
279 236 311 301 iu
334 237 444 322 quibus
466 237 592 324 siugulis
614 237 772 303 elaborare
798 256 1000 322 permaguum
1023 245 1076 310 est,
1102 235 1200 301 borte-

133 357 264 422 murque
284 338 384 423 potius
399 339 511 404 liberos
525 349 643 404 nostros
658 348 841 422 ceterosque,
857 356 988 423 quorum
1003 337 1099 425 gloria
1114 337 1200 403 nobis

134 449 164 503 et
181 440 311 524 dignitas
325 461 393 507 cara
408 451 462 518 est,
478 451 512 506 ut
526 441 629 507 animo
645 440 687 505 rei
705 439 948 526 magnitudinem
963 408 1220 524 colrdpldddnur·

134 561 234 626 neque
256 541 292 607 iis
314 552 366 607 aut
386 543 555 628 praeceptis
581 551 632 607 aut
662 542 813 628 magistris
845 552 897 606 aut
925 541 1199 616 exercitationibus,

133 643 244 728 quibus
265 653 394 710 utuntur
416 664 531 720 omnes,
555 644 606 709 sed
630 643 697 710 aliis
720 643 902 727 quibusdam
925 664 957 708 se
975 642 1020 719 -id,
1048 642 1130 728 quod
1151 663 1201 708 ex-

132 755 250 830 petunt,
277 747 419 831 consequi
441 765 530 831 posse
551 746 715 813 confidant.
785 797 788 804 ,

72 865 106 920 20
131 904 142 945 f
177 849 234 913 Vl.
258 848 379 915 demea
394 847 518 932 quidem
533 847 683 913 sententia
699 865 790 911 nemo
805 848 916 931 poterit
931 867 996 911 esse
1011 846 1094 910 omni
1111 845 1201 911 laude

132 951 302 1015 cumulatus
323 960 434 1026 orator,
458 949 516 1014 nisi
538 950 597 1015 erit
619 948 758 1014 omnium
781 967 886 1013 rerum
908 967 1088 1035 magnarum
1111 958 1201 1032 atque

133 1050 245 1115 artium
267 1050 423 1115 scientiam
440 1061 624 1117 consecutus.
649 1048 768 1115 Etenim
790 1069 828 1114 ex
851 1069 954 1115 rerum
977 1049 1148 1136 cognitione
1162 1048 1202 1114 01-
1251 1090 1254 1095 -

134 1151 273 1217 florescat
292 1161 323 1217 et
344 1151 494 1218 redundet
516 1161 634 1237 oportet
656 1151 767 1230 oratio;
785 1171 862 1236 quae
878 1150 937 1217 nisi
952 1151 1014 1216 sint
1028 1150 1066 1217 ab
1082 1159 1202 1216 oratore

133 1265 275 1340 percepta
297 1263 327 1320 et
348 1253 474 1340 cognita,
498 1254 622 1321 inanem
645 1253 799 1339 quandam
827 1253 918 1319 habet
944 1253 1147 1319 elocutionem
1171 1263 1202 1318 et

74 1370 106 1423 21
133 1375 231 1441 paene
245 1356 405 1441 puerilem.
450 1355 553 1440 Neque
567 1376 641 1420 vero
655 1375 710 1441 ego
726 1354 782 1420 boc
795 1364 915 1420 tantum
927 1354 1029 1419 oneris
1044 1354 1201 1451 imponam
1217 1404 1226 1451 1.
1238 1430 1253 1451 μ

133 1458 245 1523 nostris
266 1458 445 1543 praesertim
467 1458 637 1524 oratoribus
659 1457 691 1523 in
715 1457 771 1523 bac
791 1466 875 1522 muta
897 1457 1050 1543 occupatio
1154 1454 1202 1523 bis
1231 1440 1244 1459 ’

98 1561 102 1571 “
134 1579 168 1625 ac
188 1560 278 1637 vitae,
301 1560 380 1625 nibil
395 1569 429 1626 ut
450 1560 487 1625 iis
508 1569 614 1646 putem
629 1559 720 1625 licere
735 1559 859 1635 nescire,
876 1579 935 1649 qpa
955 1628 972 1649 μ
990 1546 1124 1667 011031μο
1157 1560 1202 1625 1οἒ

47 1650 50 1655 ’
134 1661 207 1726 toris
228 1661 435 1748 professioque
456 1661 521 1746 ipsa
543 1661 621 1727 benc
643 1660 763 1726 dicendi
779 1660 836 1725 hoc
850 1578 1002 1777 susci&
1016 1655 1201 1745 ac'polliceri

133 1762 282 1841 videatur,
305 1772 339 1828 ut
360 1762 444 1827 omni
466 1762 505 1827 de
528 1782 571 1836 re,
586 1782 795 1846 quaecumque
809 1762 848 1826 sit
861 1763 1025 1847 proposita,
1036 1773 1148 1827 ornate
1162 1761 1202 1827 ab

74 1874 108 1927 22
134 1884 170 1929 eo
191 1864 370 1950 copioseque
392 1863 523 1929 dicatur,
562 1863 632 1941 Sed,
659 1863 730 1948 quia
752 1883 814 1929 non
836 1863 941 1929 dubito
964 1864 1039 1948 quin
1062 1864 1119 1929 boc
1139 1866 1202 1950 ple-

135 1966 237 2050 risque
259 1967 444 2032 immensum
465 1964 684 2050 infinitumque
702 1966 851 2043 videatur,
866 1976 896 2031 et
911 1966 992 2051 quod
1007 1965 1135 2031 Graecos
1152 1967 1202 2030 bo-

134 2068 233 2132 mines
256 2088 317 2133 non
332 2070 431 2133 solum
446 2067 569 2154 ingenio
583 2076 614 2132 et
628 2067 773 2143 doctrina,
790 2067 948 2133 sedetiam
967 2067 1026 2132 otio
1042 2067 1202 2153 studioque

134 2169 324 2235 abundantes
337 2169 533 2254 partitionem
547 2169 701 2254 quandam
717 2168 856 2256 [artium]
873 2169 976 2235 iecisse
991 2169 1089 2247 video,
1102 2189 1202 2254 neque

118 2271 167 2359 ¹in
188 2271 621 2552 wilwssdllidmgfflffi
643 2271 822 2348 elaborasse,
850 2272 902 2336 sed
929 2271 1096 2357 seposuisse
1118 2293 1135 2336 a
1157 2291 1201 2337 ce—

283 2362 288 2377 ·
371 2356 394 2385 li.
427 2358 434 2381 l

99 2384 102 2393 '
133 2358 206 2439 teris
228 2368 296 2454 ὤμ’
367 2395 409 2479 ps
430 2394 497 2440 eam
519 2385 639 2458 partem
661 2373 790 2448 dicendi,
814 2393 891 2457 quae
913 2373 945 2437 in
968 2373 1140 2439 lorensibus
1157 2373 1219 2438 di·.

133 2477 286 2560 sceptatioi
332 2496 367 2548 us
383 2466 574 2542 ‘iudiciorum
604 2487 655 2542 aut
680 2476 935 2541 deliberationum
961 2485 1145 2553 versaretur,
1171 2485 1201 2542 et

133 2577 166 2642 id
187 2571 284 2642 unum
306 2598 400 2664 genus
415 2578 527 2642 oratori
544 2578 711 2662 reliquisse,
729 2597 790 2642 non
806 2579 987 2660 complectar
1002 2578 1034 2641 in
1051 2578 1098 2641 bis
1114 2578 1201 2644 libris

200 2792 249 2836 19.
260 2803 473 2846 permapmcm
493 2794 540 2835 eet
560 2811 587 2825 -
607 2790 744 2845 eimpresa
765 2791 797 2836 da
817 2805 865 2836 non
878 2790 985 2846 pigliere
1007 2805 1022 2836 0
1043 2792 1134 2847 gabba,
1148 2792 1161 2838 ὸ
1177 2792 1202 2837 di

31 2874 50 2899 .·
134 2861 227 2913 grande
241 2861 324 2905 latice.
337 2884 363 2892 -
377 2862 553 2916 considant.
567 2862 587 2905 Il
602 2861 676 2910 Sorof
687 2866 746 2910 nota
760 2862 803 2915 qui
817 2862 841 2907 lo
856 2874 966 2916 zeugma,
980 2862 1024 2907 che
1040 2862 1146 2908 consiste
1161 2864 1201 2909 nel

133 2931 228 2976 riserise
243 2945 276 2975 un
289 2930 364 2976 verbo
378 2932 528 2985 (confidant)
543 2946 558 2977 a
572 2932 616 2986 piu
630 2933 696 2977 nomi
710 2933 873 2987 (praeceptis,
887 2933 1122 2987 exercitationibus,
1139 2935 1202 2978 aliis

134 3003 308 3057 quibasdam),
322 3001 426 3046 leddove
441 3001 512 3056 peril
524 3002 661 3056 significato
676 3016 724 3051 non
739 3003 904 3047 converrebbe
915 3002 959 3048 che
975 3003 1026 3048 solo
1037 3003 1163 3060 erlplouni
1177 3005 1202 3049 di

134 3072 196 3128 essi;
209 3085 222 3117 e
237 3071 280 3125 qui
294 3071 319 3116 ai
333 3071 380 3116 due
395 3070 467 3125 primi
482 3072 595 3117 soltanto.
610 3073 657 3117 Per
671 3073 688 3117 il
703 3076 834 3118 contenuto
849 3072 892 3118 011.
905 3075 938 3128 23,
954 3075 998 3118 101).

175 3160 248 3212 Cap.
264 3161 320 3204 vl.
335 3182 361 3190 -
375 3160 427 3204 2⁰.
443 3160 528 3204 omni
542 3161 639 3205 laude
652 3161 840 3205 cumulatae
854 3160 1001 3215 -perogni
1015 3161 1131 3215 riguurdo
1145 3175 1204 3216 per·

134 3229 202 3274 letto.
215 3253 242 3260 —
262 3242 370 3273 reram
389 3242 587 3284 mapparum,
608 3229 746 3284 coguizioni
760 3229 804 3283 piu
818 3230 967 3284 importanti.
988 3254 1014 3262 -
1036 3245 1071 3276 aa
1092 3245 1202 3278 rerum

133 3301 315 3354 capnitioccc
329 3320 355 3332 =
369 3298 435 3344 dalla
449 3299 546 3345 scieura
560 3300 698 3345 universale
714 3299 777 3344 dello
793 3313 856 3346 cose.
870 3324 897 3332 —
910 3301 1112 3355 efflorescat.
1126 3302 1204 3357 Effla-

133 3382 232 3416 reecerc
245 3370 312 3414 vale:
326 3369 421 3424 florire;
434 3383 474 3413 ma
488 3383 534 3414 eon
544 3371 568 3414 lu
581 3374 645 3424 part.
655 3384 684 3415 ea
697 3369 790 3424 prende
805 3371 824 3414 11
838 3370 976 3424 significato
992 3370 1028 3416 di:
1043 3372 1207 3431 svilupparsi

200 3459 248 3502 21.
264 3459 474 3512 occupatione
491 3459 582 3503 arbio
604 3471 639 3503 ac
657 3459 750 3512 ottae,
769 3458 1206 3512 occupuzioniciviliedomestiche·

133 3528 217 3574 nibil
238 3531 271 3571 at
327 3531 355 3571 at
376 3528 457 3582 allatu
471 3528 516 3572 l’at
531 3527 543 3572 d
559 3528 720 3573 dichiaretivo
736 3528 760 3572 di
775 3533 880 3573 lantum
895 3530 988 3583 oneris,
1004 3542 1017 3574 e
1032 3530 1101 3574 1011011
1117 3529 1129 3575 i
1145 3545 1203 3587 ogg.

134 3598 159 3643 di
172 3599 276 3642 nescire.
291 3621 317 3628 -
336 3599 384 3642 cie
405 3599 549 3644 oratorie
569 3599 627 3643 -il
642 3612 720 3651 nome,
734 3599 830 3644 l’ufficio
846 3599 1007 3645 dell'oratore.

187 3687 240 3730 22.
262 3687 326 3731 atto
349 3688 531 3743 studioque,
556 3693 638 3743 tempo
659 3689 690 3733 do
709 3687 823 3733 dedicare
842 3689 893 3742 agli
912 3689 978 3734 studi
997 3704 1010 3734 e
1029 3691 1153 3738 bromosia
1177 3691 1201 3738 di

132 3773 227 3814 supere.
241 3785 266 3792 -
281 3761 309 3804 in
331 3759 483 3804 acicivcroo
505 3773 629 3815 ponere,
654 3761 692 3804 nel
712 3772 798 3813 cumpo
814 3759 928 3813 generula
944 3761 983 3805 del
998 3775 1086 3814 sapere
1106 3762 1202 3815 (Sorof).

59 3827 71 3844 ⁰
126 3851 154 3859 —
168 3830 310 3874 dictioni
316 3830 379 3883 baca,
394 3831 479 3883 generi
494 3831 613 3876 let-terorii
628 3843 642 3874 0
658 3829 734 3874 forme
750 3829 789 3874 dol
804 3830 864 3884 dire,
879 3831 985 3877 secondo
1001 3832 1018 3875 il
1033 3832 1110 3877 Cima.
