2526 4246
165 140 215 191 ‘242
531 152 564 189 u.
583 150 686 189 runnu
705 148 869 190 crcnnonrs

165 267 216 321 aut
238 255 340 325 etiam.
363 277 433 321 cum
457 257 486 321 id
509 254 659 331 enituerit,
674 265 815 329 certatur,
837 265 944 320 utrum
969 250 1190 337 honeratipotiu
1230 254 1254 323 L'

165 376 204 418 an
225 353 347 418 utilitati
363 356 583 421 consulendum
599 353 646 418 sit.
669 352 753 436 Quae
767 353 839 438 quia
853 372 993 439 pugnare
1008 353 1083 419 inter
1095 366 1193 433 sesaept
1235 375 1254 417 ³:

165 457 318 532 videnlur,
344 457 395 541 qui
412 457 573 523 utilitatem
589 456 742 532 defendet,
763 455 958 521 enumerabit
976 454 1123 521 commoda
1132 450 1195 537 parit,
1233 474 1254 515 ·:

166 576 269 641 opum,
299 555 463 641 potentiae.
493 553 694 641 uectigalium,
721 553 865 639 praesidii
895 553 1041 629 militum,
1067 560 1196 618 ceterarum

167 675 282 730 rerum,
295 674 426 739 quarum
443 654 573 719 l'ructum
586 651 716 717 ulilitate
731 651 885 727 metimur,
899 651 1034 737 itemque
1047 642 1198 716 incommodi

165 752 396 818 contrariorum.
422 752 481 835 Qui
497 751 534 816 ad
549 750 728 837 dignitatem
750 749 898 834 impellet,
921 750 1073 817 maiorum
1086 745 1199 830 exemplu

166 872 243 935 quae
265 861 354 916 erunt
373 853 418 915 vel
443 871 513 915 cum
535 848 669 934 periculo
685 847 824 934 gloriosa,
839 847 971 934 colliget,
987 844 1156 934 posteritatis
1166 843 1201 907 lm

167 951 324 1013 mortalem
339 945 660 1032 ntemoriamaugebit3
673 944 835 1011 utilitatem
847 966 884 1011 eu
897 946 990 1012 laude
1002 946 1081 1012 nasci
1095 938 1203 1011 delente

165 1066 346 1130 semperque
378 1066 445 1110 eam
475 1067 542 1111 cum
570 1044 717 1130 dignitate
739 1065 804 1110 esse
824 1043 1029 1110 coniunctam.
1080 1044 1134 1110 Sed
1153 1034 1203 1127 qul

167 1144 233 1209 lieri
258 1144 349 1228 possit
371 1156 423 1208 aun
446 1164 506 1209 nou
522 1142 626 1230 possit,
647 1142 782 1228 quidque
796 1143 887 1207 etiam
902 1142 942 1206 sit
965 1163 1086 1211 necesse
1107 1152 1150 1207 aut
1163 1156 1205 1203 neu

166 1243 213 1311 sit.
238 1243 266 1306 in
292 1253 420 1326 utraque
442 1264 476 1307 re
503 1241 635 1306 maxime
661 1251 706 1305 est
734 1240 954 1326 quaerendum.
983 1240 1125 1308 Inciditur
1148 1235 1207 1304 enit

166 1341 265 1405 onmis
287 1340 475 1409 dolilnuutio,
500 1340 521 1403 si
547 1340 732 1426 intellegitur
748 1359 809 1404 nou
824 1359 912 1424 posse
935 1339 1004 1405 fieri
1027 1351 1080 1407 aut
1100 1339 1122 1405 si
1136 1354 1207 1405 neret

166 1439 237 1504 sitas
259 1439 407 1515 adler·tur·;
431 1440 534 1523 etqui
559 1438 589 1502 id
612 1437 712 1503 docuit
740 1457 800 1502 nou
824 1436 1001 1503 videntibus
1024 1438 1101 1516 aliis,
1124 1438 1144 1502 is
1163 1437 1208 1522 plu·

89 1563 139 1617 337
166 1539 281 1603 nimum
297 1537 381 1602 uidit.
429 1537 472 1601 rld
484 1536 642 1602 consilium
656 1547 757 1601 autern
769 1535 807 1600 de
823 1555 855 1599 re
867 1534 989 1621 publica
1002 1536 1136 1603 dandum
1148 1540 1212 1619 eaput

167 1647 211 1700 est
234 1656 321 1700 nosse
339 1656 405 1699 rem
427 1635 593 1720 publicam:
617 1633 654 1698 ad
670 1633 834 1699 dicendum
848 1654 921 1698 vero
936 1635 1136 1718 probabiliter
1149 1648 1212 1699 noste

167 1754 268 1798 mores
290 1733 429 1808 ciuitatis,
454 1733 505 1818 qui
529 1733 598 1818 quia
614 1732 721 1797 crebro
736 1742 904 1807 mutantur,
922 1752 1021 1818 genus
1045 1750 1214 1819 quoqueora

167 1831 258 1895 tionis
280 1842 321 1895 ost
347 1853 435 1915 saque
465 1831 654 1897 mutandum.
679 1830 722 1906 Et,
746 1850 930 1915 quamquam
955 1852 1019 1897 una
1044 1832 1106 1898 lere
1130 1831 1170 1896 uis
1185 1836 1217 1893 est

167 1929 367 2013 eloquentiae,
382 1940 493 1997 tamen.
507 1930 576 2015 quia
593 1948 711 1994 summa
726 1922 857 2014 dignitas
871 1938 917 1992 est
930 1929 1050 2014 populi,
1066 1927 1218 2017 gratissima

167 2047 255 2092 causa
276 2026 321 2091 rei
345 2027 493 2112 publicae,
516 2026 642 2092 unanimi
658 2037 757 2092 metus
772 2025 988 2099 multitudinis,
1012 2048 1109 2115 genus
1123 2042 1219 2115 queque

168 2124 287 2191 dicendi
309 2125 455 2211 grandius
478 2126 631 2211 quoddam
653 2135 680 2190 et
705 2124 853 2190 illustrius
875 2144 941 2190 esse
962 2126 1169 2194 adhibendum
1191 2122 1220 2185 ri·

168 2225 271 2303 detur3
296 2224 490 2309 maximaque
505 2245 576 2309 pars
591 2223 736 2289 orationis
750 2222 940 2287 admovenda
956 2224 1056 2289 estad
1071 2225 1221 2291 animorum

168 2334 269 2388 motus
292 2344 353 2387 uon
378 2342 536 2406 nunquam
562 2332 614 2387 aut
644 2319 851 2387 cohortatione
873 2330 925 2385 aut
954 2319 1223 2388 commemoratione

170 2421 270 2506 aliqua
294 2432 342 2486 aut
368 2420 399 2483 iu
424 2441 510 2505 spem
533 2431 584 2485 aut
599 2420 631 2483 in
647 2430 762 2486 metum
786 2429 837 2484 aut
858 2418 897 2483 ad
918 2419 1119 2504 cupiditatem
1141 2414 1225 2487 autad

169 2520 297 2603 gloriam
322 2518 523 2593 concitandos,
546 2538 635 2602 saepe
657 2517 747 2582 etiarn
764 2538 780 2582 a
796 2516 975 2594 temeritate,
999 2517 1165 2596 iracundia,
1176 2534 1224 2603 spe,

171 2617 294 2693 iniuria,
319 2616 627 2692 inuidiacrudelilate
650 2615 842 2680 reuocandos.

172 2811 240 2841 cnm
265 2799 295 2841 id
319 2799 465 2841 ‹tottreuit
487 2817 513 2829 ==
528 2796 625 2849 qrrundo
648 2795 670 2839 in
694 2794 732 2839 cib
750 2807 918 2847 consenserim
938 2808 982 2839 son
1004 2793 1226 2843 ducemne-te·

169 2869 281 2923 sendet
297 2884 309 2912 c
325 2882 373 2912 non
389 2869 511 2923 deformat,
525 2866 615 2920 perche
626 2866 682 2911 vuol
699 2865 838 2918 significare
849 2865 894 2910 che
909 2866 1049 2920 discordent
1065 2868 1156 2914 indate
1167 2865 1226 2912 ciret·
1249 2900 1254 2921 ,

175 2942 265 2992 stanzo,
276 2951 322 2982 non
339 2938 383 2981 elue
398 2938 430 2981 ha
445 2938 468 2982 ln
480 2936 656 2982 connsuetudinc
672 2950 685 2980 0
701 2935 718 2978 il
733 2935 882 2990 particolare
897 2934 979 2981 ufficio
994 2936 1019 2980 di
1035 2937 1168 2984 difendere.
1178 2929 1228 2987 tent
1251 2924 1254 2971 i

176 3009 192 3052 il
213 3009 297 3061 (tirno).
310 3034 336 3040 —
353 3009 432 3061 Volgo
448 3022 493 3061 prr
508 3008 666 3062 impellet,
681 3006 704 3050 in
720 3006 816 3052 cambio
833 3006 858 3049 di
872 3006 995 3061 impellit,
1014 3008 1039 3053 la
1053 3014 1135 3055 stesso
1146 3005 1228 3061 angien
1251 2992 1254 3067 Ι

173 3081 232 3125 doto
246 3094 291 3134 per
308 3080 323 3124 il
339 3079 489 3134 precedente
513 3078 674 3131 defendet—
685 3076 940 3131 posteritatis...
959 3079 1092 3133 aupobtt
1105 3100 1131 3115 -
1144 3072 1229 3132 amptit-
1252 3088 1254 3095 ·

172 3151 246 3196 cherd
258 3152 274 3195 il
288 3151 375 3205 pregio
391 3149 445 3193 d'un
462 3160 533 3194 nonne
549 3148 687 3193 immortale
701 3162 788 3201 presso
805 3147 809 3190 i
825 3146 926 3200 posteri.
940 3169 966 3178 -
976 3161 1012 3193 ea
1032 3149 1129 3195 laude
1141 3170 1166 3185 -
1177 3144 1228 3191 tells

172 3236 247 3276 opere
263 3221 377 3266 lodeuoli.
392 3245 417 3250 —-
433 3219 582 3273 defendet
595 3239 623 3252 -
637 3218 753 3263 sos-terrai.

238 3312 313 3355 33⁰.
339 3309 504 3353 Inciditur
526 3305 566 3349 tdn
591 3307 717 3355 tut-caedet
731 3328 758 3341 -
779 3306 802 3350 Si
818 3312 911 3351 tronou.
931 3331 957 3337 -
978 3320 1041 3354 oen
1062 3306 1228 3355 etaautteur

173 3378 253 3421 aliis
268 3397 294 3410 -
309 3380 402 3420 rmmtre
418 3375 452 3424 qli
468 3372 524 3418 altri
540 3385 587 3416 nou
603 3387 628 3415 st·
644 3375 813 3427 n'nrcorgono.

239 3465 314 3508 837.
330 3466 429 3517 caput
446 3466 490 3506 eat
546 3457 559 3501 d
575 3473 632 3503 cosa
647 3460 794 3515 principale.
807 3485 832 3491 -
849 3461 888 3504 ad
909 3460 1118 3511 dicandum...
1130 3460 1228 3519 prete·

173 3529 283 3573 biliter
296 3551 323 3563 «-
337 3543 382 3583 per
397 3529 448 3572 dire
464 3543 509 3572 con
521 3526 651 3577 isperanzo
663 3527 687 3571 di
698 3541 781 3573 essere
791 3529 935 3579 approvato.
944 3549 970 3557 -
985 3530 1123 3575 maximi
1143 3529 1226 3574 motu·

172 3607 197 3636 m
205 3595 305 3638 altitu
313 3596 410 3638 (linia.
431 3594 518 3639 Motus
534 3593 715 3637 titatltitudinia
735 3593 856 3649 opopali
870 3602 940 3636 sono:
955 3592 979 3637 le
995 3594 1123 3651 seditioni,
1137 3596 1159 3641 le
1171 3590 1228 3638 sotle-

172 3659 295 3710 vementi
312 3660 416 3713 tumulti,
431 3661 475 3704 ulie
490 3659 589 3705 cluimus
603 3660 714 3702 tttaatmi
728 3672 773 3712 per
788 3659 810 3703 lo
830 3670 1007 3713 consaguenztu
1021 3660 1077 3707 oieb
1092 3656 1197 3707 rilevnnti
1207 3650 1227 3695 ti

172 3725 255 3778 molto,
268 3725 488 3781 inrpertautissiuri,
502 3722 593 3773 crichet
612 3723 724 3769 terribili.
738 3749 764 3757 -
785 3725 945 3781 praedius
965 3725 1053 3781 -pin
1067 3727 1198 3782 «renense.
1207 3739 1226 3750 ⁶

173 3790 369 3834 ‹rdmouenda
394 3797 439 3836 ent
454 3814 480 3827 υ-
495 3793 514 3837 si
531 3788 588 3831 vuol
603 3787 734 3842 mulgere,
749 3790 884 3846 applicare.
898 3812 924 3820 -
939 3791 1123 3839 ultimorum
1142 3790 1226 3837 motus

164 3856 227 3903 ‹tm-o
244 3857 322 3904 uuirsi
338 3860 376 3905 col
394 3864 515 3916 sequente
530 3854 708 3901 omittitmdot·
