2526 4246
118 130 170 186 ‘282
341 106 360 177 '.
486 144 521 186 ιι.
539 146 645 186 runnu
664 144 829 188 cronnoms

121 248 230 315 restris
252 249 334 315 vitiis
364 248 503 315 audiatis.
527 248 650 315 Utinam
679 248 818 334 quidem!
844 246 946 335 inquit
967 248 1033 333 ille:
1053 246 1082 312 nt
1100 265 1131 312 ou

121 352 222 438 ipsum
246 355 397 429 nolumus,
415 351 551 438 idque
528 372 553 417 ιι
576 350 665 418 lecet
658 372 693 429 rs,
708 352 816 429 multa,
832 359 867 417 ut
881 351 962 417 arbit
949 361 1023 429 tror,
1037 349 1083 416 hic
1095 349 1131 414 hu

59 467 93 520 tn
121 455 194 520 vitia
209 475 369 541 ponemus.
415 455 451 520 lt
438 464 546 521 emm
558 473 621 520 non
632 472 700 521 smo
711 473 780 520 meo
790 452 938 541 periculo
951 451 1087 520 Crassus
1080 472 1132 536 mqt

120 578 255 643 possum,
279 557 404 643 Sulpici,
427 568 457 624 te
479 556 719 643 reprehendere,
735 556 884 642 quoniam
902 556 1050 623 Antonius
1069 553 1133 621 miib

121 661 315 725 simillimum
341 660 419 725 dixit
446 659 504 725 sibi
531 659 639 725 videri.
668 659 746 724 Tum
774 658 922 743 illo,Qu1
989 659 1048 725 uod
1074 677 1133 723 mon

122 763 213 841 idem,
236 773 271 828 ut
297 783 342 839 ea,
370 762 502 848 quaein
533 781 655 847 quoque
683 761 818 827 maxima
846 782 864 828 e
937 772 949 827 t
987 762 1133 829 imitarem

120 887 158 931 ex
185 885 246 951 quo
268 885 377 931 vereor
399 885 439 930 ne
468 864 545 930 nibil
575 863 689 931 simtui
705 659 1009 1031 ιιιιιᾱιιιιιιξζζι
1030 862 1131 951 pedisi

124 978 201 1032 tatus
224 978 254 1033 et
276 989 371 1053 pauca
394 967 542 1052 quaedam
566 966 661 1033 verba
683 978 713 1033 et
735 966 880 1052 aliquem,
911 988 936 1033 si
960 966 1133 1067 iprtq‚t
1068 976 1133 1031 molt

123 1069 198 1155 bigo
215 1069 280 1145 ista,
296 1070 397 1155 inquit
409 1068 533 1135 Crassus
535 1089 634 1155 ‚quae
649 1069 744 1135 habes
756 1091 774 1135 a
788 1089 849 1148 me,
864 1089 928 1135 non
940 1050 1133 1157 reprebendi,

122 1172 295 1257 meipsum
328 1172 539 1238 irrideam-
564 1182 636 1238 sunt
658 1182 760 1239 autem
782 1192 851 1238 mea
873 1174 974 1239 multo
942 1182 1032 1239 tet
1052 1175 1131 1258 plura

122 1276 248 1352 maiora,
268 1295 359 1360 quam
389 1275 463 1340 diois
489 1300 544 1355 -;
568 1295 647 1361 quae
669 1285 772 1341 autem
794 1283 865 1340 sunt
882 1285 936 1340 aut
959 1286 1011 1341 tua
1033 1278 1118 1361 plane

123 1378 292 1443 imitatione
307 1398 343 1444 ox
359 1378 462 1463 aliquo
484 1398 636 1464 expressa,
653 1377 733 1443 de''
714 1398 751 1443 us
773 1387 813 1454 te,
835 1377 861 1442 si
883 1378 937 1463 qui
958 1398 1010 1444 me
1025 1378 1132 1444 lortelo

122 1481 325 1558 admonuerit,
349 1480 615 1546 commoneboae'
826 1502 829 1507 ¹
1120 1496 1131 1507 ·'

61 1585 95 1637 att
164 1584 269 1650 Xlll.
287 1583 538 1649 Praetereamus
531 1583 800 1678 igiturpraeoepta
839 1582 881 1647 ati
899 1540 1099 1668 eloquendi,
1114 1601 1130 1665 q

122 1686 249 1770 puerilis
272 1685 409 1750 doctrina
433 1684 524 1749 tradit
535 1694 566 1750 et
581 1684 721 1750 subtilior
736 1704 810 1769 cogn
838 1684 1010 1762 roaoratio
1025 1684 1130 1750 litterar

122 1788 176 1851 alit
198 1797 249 1852 aut
272 1787 457 1853 consuetudo
480 1787 630 1852 sermonis
649 1786 794 1852 cotidiani
810 1807 843 1852 ac
857 1786 1026 1864 domestici,
1042 1786 1130 1863 libris

123 1890 248 1954 lirrnant
270 1899 300 1953 et
322 1890 410 1954 lectio
432 1900 572 1955 veterum
594 1898 751 1955 oratorum
766 1899 797 1955 et
811 1898 982 1975 poetarum.
1006 1888 1105 1976 Neque
1117 1908 1129 1949 ι

122 1992 154 2056 in
169 1991 222 2056 illo
238 1992 334 2056 altero
349 1991 464 2058 diutius
475 2011 711 2069 commoremur,
726 2001 761 2058 ut
774 1991 967 2077 disputemus
979 1991 1088 2078 quihus
1101 2010 1129 2054 re

61 2112 95 2165 ιι
121 2094 245 2181 adsequi
268 2094 428 2180 possimus,
444 2104 478 2161 ut
495 2114 540 2171 ea,
556 2114 634 2179 quae
648 2093 795 2171 dicamus,
814 2094 1048 2182 intellegantur:
1089 2093 1129 2158 bat

120 2198 232 2264 scilicet
253 2196 391 2273 dicendo,
406 2197 509 2262 verbis
524 2197 642 2261 usitatis
660 2216 694 2261 ao
708 2196 834 2282 proprie
849 2196 1124 2263 demonstrantibus

120 2322 199 2386 quae
220 2301 384 2386 significari
401 2322 434 2366 ac
450 2298 598 2364 declarari
614 2300 763 2375 volemus
780 2299 846 2365 sine
868 2299 1013 2386 ambiguo
1035 2299 1122 2366 verbo

120 2423 282 2487 sermone,¹
292 2424 352 2469 nort
376 2403 469 2468 nimis
485 2403 574 2487 longa
594 2402 822 2469 continuatione
835 2402 1014 2481 verborum,
1030 2422 1091 2468 non
1104 2422 1129 2465 u

121 2500 278 2591 productis
288 2506 335 2581 iis,
350 2504 427 2591 quae
443 2504 653 2569 similitudinis
665 2525 753 2569 causa
766 2525 804 2570 ex
818 2505 886 2581 aliis
901 2504 995 2571 rebus
1011 2504 1129 2570 translat

121 2640 428 2657 *m—

119 2694 267 2739 nondimeno
288 2695 308 2738 si
328 2694 448 2748 potrebbe
463 2692 590 2738 intendere
606 2691 684 2737 unche
698 2691 744 2736 ohe
755 2692 864 2747 Sulpicio
875 2691 889 2738 ὸ
899 2693 1083 2748 ιιιιιοιιιιςιιιιιο
1093 2692 1130 2737 ιιι

119 2778 191 2810 soree
205 2765 285 2818 perta
300 2779 345 2810 sue
358 2765 496 2819 pronuncio
510 2763 636 2808 rusticane
652 2764 776 2815 (metebel.
786 2788 812 2795 -
825 2764 895 2812 ld...
909 2764 1018 2820 ipsum
1032 2783 1059 2802 =
1068 2763 1130 2810 codes

118 2839 243 2890 pomo.-
253 2848 447 2890 ponemua=
462 2835 605 2887 lesoeremo,
619 2832 766 2887 deporremo
781 2833 1006 2880 emendendooene

187 2924 237 2967 47
253 2924 292 2969 At
314 2937 436 2968 enam
450 2923 664 2968 Meoertamente.
685 2922 816 2968 Tum
836 2923 934 2970 olle
938 2922 1019 2968 Vle
1039 2923 1117 2969 Brevi

119 2995 169 3040 crit
159 2995 232 3040 liobe.
246 2993 294 3040 Cic.
309 3007 354 3039 usa
367 3008 416 3039 non
431 2994 456 3038 di
466 2993 527 3039 rado
542 2994 685 3049 quidquod
701 2993 780 3039 ertohe
790 3006 860 3039 come
874 2993 987 3040 muniere
1001 2993 1025 3039 di
1041 2994 1129 3039 transiz

119 3062 218 3116 quondo
236 3062 309 3107 vuole
329 3061 483 3114 uggiungere
505 3075 537 3106 un
559 3061 622 3105 altro
642 3064 787 3114 argomento
806 3059 857 3114 agli
876 3060 1015 3114 argumenti
1033 3060 1077 3115 gie
1090 3059 1132 3105 add

119 3134 190 3188 qnid,
205 3133 292 3188 qnod?
305 3133 350 3178 ohe
366 3132 428 3177 dirui
444 3137 471 3177 tn
486 3131 510 3175 di
527 3135 622 3186 questo,
636 3131 735 3178 ohe...?
750 3131 800 3175 (ιιι.
813 3130 868 3176 Pro
881 3130 942 3176 Sea.
955 3130 1050 3177 Roscio
1063 3132 1132 3176 Amo.

119 3209 138 3258 1,
153 3208 176 3249 1:
191 3205 255 3259 qnid
269 3205 316 3257 ιιι,
330 3205 439 3258 qnod...
458 3225 484 3234 -
504 3206 532 3247 el
547 3203 702 3256 aliquem,
717 3202 747 3246 ei
763 3202 862 3256 forte,
882 3205 1001 3246 motum
1015 3221 1042 3238 =
1064 3215 1084 3256 e,
1098 3214 1123 3246 se

118 3275 224 3328 qualche
239 3278 317 3329 gesto.
331 3274 362 3319 Si
375 3274 443 3328 forte
456 3277 529 3318 useto
545 3286 619 3317 senze
632 3273 717 3326 verbo,
731 3286 746 3316 a
765 3274 812 3316 mo’
827 3270 937 3327 d'inoiso,
953 3272 1079 3326 significa:
1100 3286 1125 3318 se

118 3345 198 3389 tutt'al
213 3345 264 3398 piu.
278 3369 304 3376 —
318 3344 541 3390 imitatione...
560 3356 723 3398 expressa.
737 3343 758 3387 Il
773 3341 873 3397 passivo
884 3341 909 3386 di
923 3342 1036 3389 imitord
1050 3344 1134 3389 imitat

118 3417 259 3469 caprimon.
273 3440 299 3447 -
315 3417 403 3460 loono
418 3434 444 3452 =
458 3414 627 3470 opportunitt,
646 3414 759 3468 bisogno.

162 3503 234 3556 ean.
256 3505 353 3548 xm.
374 3528 400 3535 -
426 3505 477 3548 48.
494 3504 640 3559 pueritie
666 3503 818 3548 doctrino
839 3521 865 3538 =
887 3503 912 3548 le
932 3503 1021 3549 souole
1041 3504 1135 3549 clemen

118 3572 264 3625 οιι.ι38.-
279 3576 437 3620 subtilior
457 3575 598 3630 counitio
619 3588 654 3619 oo
674 3575 762 3620 ratio
784 3574 989 3630 litterarum,
1005 3574 1135 3621 endiadil

118 3643 240 3697 profonda
255 3644 393 3698 cognizioni
408 3644 432 3689 di
448 3645 565 3690 scienzee
577 3645 602 3690 di
611 3645 707 3691 lettere.
720 3669 746 3676 —
760 3645 794 3690 ιιι
808 3645 833 3689 ιι
839 3646 849 3689 ι
855 3658 868 3690 o
884 3646 999 3701 altero,
1014 3646 1080 3691 sulle
1089 3659 1135 3691 soor

118 3718 199 3770 perte.
218 3737 244 3745 —-
265 3716 372 3770 rebus,
393 3716 477 3760 mezzi.

187 3804 239 3849 49.
254 3801 387 3857 Latiam
408 3818 430 3848 v.
445 3808 457 3855 ι
471 3806 505 3848 37.
524 3827 550 3834 -
571 3817 717 3849 sermone
731 3824 756 3840 =
771 3804 861 3849 unione
881 3804 904 3848 di
925 3805 1020 3860 parole,
1038 3803 1064 3849 in
1082 3808 1136 3850 cont

100 3883 181 3933 posto
196 3892 212 3925 a
229 3877 307 3925 corbo
321 3896 348 3916 =
360 3876 453 3935 perolu
470 3875 577 3932 singola.
590 3898 616 3906 -
631 3876 731 3930 lorino
752 3875 996 3921 continuatione
1016 3876 1130 3922 verbor
