2526 4246
202 166 245 205 nn
262 166 408 208 onerosus
425 168 486 209 uua.
506 169 542 223 11,
561 168 631 210 cus.
652 169 790 217 unx-um,
811 168 928 218 sace-ato
1031 154 1082 207 sot

43 268 142 336 scurrile
170 271 342 339 ridiculum.
362 272 438 360 Ergo
461 274 545 352 haec,
567 295 645 360 quae
675 274 782 341 cadere
804 282 932 359 possunt
954 273 986 338 in
1009 287 1085 358 quos

42 369 113 449 uolis,
136 375 274 460 qruamvis
296 376 356 441 sint
380 377 470 453 bella,
494 387 565 443 sunt
586 388 690 444 tamen
712 377 778 464 ipso
800 396 911 463 genere
933 376 1081 442 scurrilia.

43 466 70 533 Ut
85 473 139 554 isle,
161 478 213 563 qui
236 499 269 544 se
291 481 357 545 vult
377 478 508 545 dicacem
530 489 561 546 et
582 480 758 546 mehercule
780 489 840 555 est,
867 479 999 564 Appius,
1031 477 1084 545 sed
1113 490 1187 542 sto·

42 591 88 641 nou
105 599 258 665 uunquam
280 581 313 645 in
337 581 392 646 hoc
413 581 522 648 uitium
549 581 703 668 [scurrile]
734 581 903 657 delabitur,
933 579 1085 655 Cenabo,

42 673 128 763 iuquit,
148 683 245 769 apud
269 694 310 760 te,
336 684 405 750 lruic
427 687 509 750 lusco
530 684 673 750 familiari
698 704 776 761 meo,
800 683 830 747 C.
855 683 973 748 Sextio:
1004 683 1085 747 «uui

43 781 106 847 euim
123 786 221 851 locum
243 806 310 852 esse
331 787 420 853 uideo
435 816 464 851 s.
489 786 537 853 Est
565 787 621 853 luoc
645 787 773 853 scurrile
798 785 933 871 quidem,
956 784 1089 869 ecquod

44 881 93 950 siue
110 907 194 954 causa
217 890 367 955 lacessivit
388 900 419 956 et
440 900 542 955 tamen
565 889 596 955 id
618 890 704 967 dixit,
727 889 808 974 quod
823 889 855 953 in
871 908 977 954 ornnes
992 889 1089 953 luscos

45 991 204 1057 conueniret.
230 991 279 1069 lia,
302 994 372 1077 quia
395 993 539 1058 meditata
561 1003 710 1080 putantur
731 1013 805 1069 esse,
822 992 924 1058 minus
940 991 1090 1057 ridentur.

45 1083 104 1155 lllud
122 1094 276 1180 egregium
299 1094 390 1161 Sextii
415 1107 445 1160 et
467 1115 505 1161 eu
527 1107 682 1181 tempore:
710 1094 832 1161 Manus
855 1096 950 1170 lava,
981 1093 1089 1178 inquit,

45 1200 70 1252 cl
85 1212 169 1260 cena.
216 1195 374 1282 Temporis
391 1197 484 1283 igitur
500 1197 621 1263 ratioet
637 1197 732 1283 ipsius
748 1196 911 1262 dicacitatis
923 1195 1091 1261 moderatio
1119 1204 1170 1257 247

46 1302 68 1354 cl
88 1299 280 1384 temperantia
307 1310 338 1365 et
367 1300 475 1365 raritas
510 1299 661 1366 dictorum
693 1299 857 1386 distinguet
893 1309 1045 1365 oratorem
1073 1319 1090 1360 a

46 1411 139 1480 scurra
161 1411 201 1479 et,
224 1401 306 1486 quod
328 1422 382 1467 nos
403 1422 473 1469 cum
495 1423 584 1467 causa
606 1402 744 1477 dicimus,
769 1422 829 1467 uon
853 1413 887 1466 ut
910 1400 1029 1466 ridiculi
1051 1400 1093 1462 vi-

46 1493 158 1581 deamur,
180 1503 234 1569 sed
257 1514 291 1569 ut
312 1504 520 1590 proficiamus·
532 1504 657 1590 aliquid,
682 1505 726 1569 illi
751 1515 847 1569 totum
870 1503 952 1569 diem
974 1511 1004 1567 et
1027 1502 1093 1565 sine

43 1602 121 1669 'causa
142 1605 221 1689 Quid
244 1606 328 1671 enim
349 1617 394 1672 est
414 1607 545 1694 Vargula
561 1606 729 1684 adsecutus,
745 1626 814 1672 cum
830 1625 901 1671 eum
915 1603 1093 1670 candidatus

48 1700 70 1763 l·
88 1703 279 1793 Sempronius
299 1729 368 1774 cum
391 1709 429 1776 tt.
452 1730 506 1775 suo
529 1709 621 1774 fratre
644 1709 820 1794 complexus
847 1717 937 1773 esset:
969 1734 981 1763 «
1005 1705 1093 1781 Puer,

49 1801 115 1892 abige
134 1816 272 1877 muscas?
294 1840 307 1867 ι
337 1811 441 1878 Risum
463 1813 622 1897 quaesivit,
646 1812 697 1897 qui
722 1820 766 1876 est
789 1831 855 1876 mea
879 1809 1029 1876 sententia
1045 1810 1094 1873 uel

49 1910 219 1978 carissimus
243 1913 354 1999 ingenii
379 1914 502 1980 fructus.
525 1913 659 2000 Tempus
682 1913 774 2000 igitur
795 1912 914 1978 dicendi
932 1904 1094 1999 prudentia

49 2015 231 2097 opacitate
259 2015 501 2096 moderabimur·;
530 2037 662 2101 quarum
689 2016 809 2081 utiuanr
836 2025 934 2080 artem
961 2014 1096 2098 aliquam

51 2105 220 2185 haberemus!
246 2116 300 2183 sed
321 2117 444 2184 domina
468 2131 578 2185 natura
600 2130 654 2184 est.

81 2207 158 2276 erl.
181 2211 268 2277 Nunc
289 2232 477 2298 exponamus
495 2233 606 2300 genera
624 2214 688 2298 ipsa
705 2211 890 2286 summatim,
908 2230 986 2295 quae
1003 2209 1098 2274 risum
1124 2226 1176 2279 aaa

48 2306 157 2406 lleuime
177 2320 331 2376 moveant.
351 2310 428 2377 Haec
450 2312 542 2397 igitur
565 2311 603 2376 sit
626 2311 726 2396 prima
750 2310 883 2396 partitio,
908 2306 989 2392 quod
1006 2305 1099 2370 facete

48 2394 149 2485 draus,
172 2408 204 2473 id
227 2407 302 2472 alias
325 2408 357 2473 in
373 2409 546 2486 rehabere,
563 2409 638 2474 alias
658 2409 688 2472 in
704 2408 799 2473 verbo
816 2406 948 2482 facetias3
966 2392 1108 2468 maxime'

53 2515 335 2537 k.—

49 2562 126 2614 ⁰iiom
137 2592 163 2606 -
177 2571 223 2626 pilu
236 2584 301 2616 nano
316 2584 414 2616 ancora.
429 2595 454 2601 -
468 2571 661 2623 ridiculum,
675 2574 760 2621 molto,
773 2568 844 2613 celis.
857 2591 884 2598 -
897 2567 970 2621 ipso
992 2579 1101 2621 pestere

48 2636 68 2653 ³
78 2638 114 2680 pur
126 2633 177 2680 loro
192 2638 280 2688 stesso,
293 2646 339 2688 per
353 2632 392 2678 oio
407 2632 467 2679 solo.

99 2710 166 2758 m·
186 2727 219 2758 ee
240 2713 308 2758 velt
329 2713 471 2757 dicacem
492 2716 591 2762 (esset
606 2731 632 2744 -
646 2711 741 2765 picoasi
755 2709 847 2754 d’esser
862 2710 1060 2764 motteggiatore.
1077 2732 1101 2739 -

49 2766 158 2843 durias.
171 2765 192 2825 Ε
206 2780 302 2824 incerto
317 2779 356 2824 ahi
371 2778 421 2832 egli
436 2778 481 2824 siu.
499 2779 546 2831 Ma,
562 2778 593 2822 ad
609 2777 667 2831 ogni
682 2777 763 2829 modo,
784 2789 832 2821 non
847 2776 860 2820 e
879 2776 1039 2831 quell'Appio
1057 2775 1101 2818 ohe

49 2846 211 2896 russatonaco
226 2850 267 2896 nel
281 2853 293 2902 t
307 2852 354 2895 284.
367 2873 394 2881 -
413 2849 550 2903 Censeo,
572 2862 621 2893 ece.
641 2850 662 2892 Α
684 2848 763 2893 Sestio
785 2860 904 2892 araneosa
919 2861 952 2891 un
966 2846 1063 2897 ooohio;
1078 2845 1102 2889 di

50 2905 84 2957 ihc
95 2918 170 2976 Appio
186 2920 222 2976 gli
237 2920 318 2966 disses
333 2920 405 2965 verro
416 2934 430 2964 e
440 2933 515 2965 cenas
529 2920 561 2964 da
576 2925 607 2964 te.
621 2917 712 2974 perche
722 2931 803 2971 seggo
814 2918 907 2963 esserri
917 2922 990 2970 posto
999 2930 1045 2971 per
1054 2928 1102 2960 uno

47 2979 169 3038 (alludendo
188 2991 323 3038 all'ocelrio
343 2996 472 3036 maneante
491 2990 555 3035 nelle
577 2990 704 3039 oeehiaie).
725 3014 751 3021 -
771 2993 795 3033 et
808 2992 906 3034 tamen.
921 2988 940 3032 Il
956 2988 1030 3033 Sorof
1046 2992 1104 3032 noto

49 3047 83 3097 ⁰¹¹⁸
95 3058 179 3109 stateo
189 3077 236 3119 per
245 3063 376 3108 anacoluto
387 3062 411 3106 in
421 3062 517 3107 cambio
529 3061 552 3104 ui
564 3064 588 3106 et
598 3062 666 3116 quod
676 3065 772 3106 tamen.
781 3084 808 3091 -
817 3059 849 3103 M
851 3072 934 3104 antus
957 3059 966 3102 l
974 3071 1040 3109 aaa,
1054 3070 1104 3101 ecc.

49 3113 85 3168 ¹¹⁰1
96 3131 172 3178 alcuni
186 3133 316 3187 interpreti
331 3131 435 3177 sarebbe
450 3135 539 3187 questa
553 3131 578 3175 la
598 3131 679 3185 dogna
693 3130 801 3184 risposta
815 3129 840 3173 di
854 3127 934 3173 Sestio
953 3128 985 3171 ud
1008 3126 1102 3179 eppira

48 3194 83 3235 dtr
94 3197 145 3244 altri
159 3214 193 3245 un
208 3203 285 3245 molto
300 3198 325 3243 di
339 3199 419 3245 Sestio
433 3204 518 3244 contro
533 3213 566 3242 un
578 3197 701 3243 immondo
712 3211 726 3241 o
736 3211 769 3242 un
780 3209 863 3240 avaro.

101 3279 173 3325 Μ.
194 3280 323 3325 raritas
344 3279 505 3322 dictorum
525 3277 538 3321 e
560 3278 585 3321 lu
606 3282 704 3321 nostra:
725 3274 835 3320 sobrietd
850 3274 874 3317 di
889 3271 983 3326 parole.
997 3295 1023 3301 —
1037 3284 1104 3315 crtrrr

47 3350 131 3393 ecauea
143 3368 170 3382 ·=
185 3361 201 3391 e
215 3344 302 3398 region
323 3344 422 3389 sedula.
435 3367 462 3375 -
474 3344 539 3398 itti,
554 3348 611 3388 solt.
626 3344 716 3387 dictent
730 3343 769 3391 id;
784 3342 812 3385 u'd
826 3339 838 3384 e
854 3351 983 3393 counpreso
998 3337 1023 3380 in
1038 3338 1106 3391 quod

47 3407 84 3457 the
95 3413 198 3468 precede
212 3424 268 3457 nos.
281 3433 307 3442 -
322 3411 420 3455 carudr'
426 3411 525 3454 datrae
539 3410 571 3454 A.
585 3409 806 3464 &stuprantes
820 3407 843 3450 di
866 3418 984 3458 cognome
1005 3402 1106 3456 Musca,

48 3479 127 3536 ripreso
142 3485 173 3530 ds
185 3481 299 3536 Vargula
313 3481 358 3526 che
369 3481 473 3526 sudasse
485 3485 582 3526 attorno
593 3494 638 3534 per
648 3477 817 3533 guedagnarsi
832 3477 840 3522 i
854 3477 904 3522 uoti
919 3476 959 3521 del
973 3474 1107 3529 popolo.-

47 3553 123 3611 ottae
140 3565 281 3606 muscas,
296 3551 349 3597 ciolu
360 3553 388 3595 A.
406 3551 550 3605 Sempronio
565 3564 578 3595 e
593 3551 608 3594 'l
624 3550 731 3603 fratello,
745 3549 790 3594 elue
805 3561 900 3593 avrruan
915 3548 974 3601 quel
989 3557 1108 3597 cognorne

47 3618 216 3668 clamatores
239 3617 336 3664 molesti
350 3631 419 3663 come
439 3617 545 3663 mosche.
564 3617 599 3661 Lo
619 3616 720 3661 schiaro
738 3613 994 3670 pedisequusipuerl
1014 3611 1108 3657 dovera

46 3689 143 3734 semeias
155 3688 197 3732 vis
210 3686 332 3740 (attam)
345 3685 369 3729 le
384 3684 482 3730 mosche
497 3684 564 3728 dalla
581 3697 666 3728 mensa
681 3682 718 3726 de'
732 3680 845 3736 padroni.
861 3679 980 3732 agitando
996 3676 1034 3720 de'
1049 3693 1108 3722 ren·

47 3759 104 3811 tagtt.
116 3784 142 3791 -
154 3759 254 3803 Risum
267 3757 397 3811 quaesivit
410 3776 438 3789 -
452 3755 551 3799 Pretese
573 3754 598 3798 di
613 3754 652 3797 lar
674 3752 762 3796 ridere.
776 3775 801 3782 -
824 3751 913 3795 dicen
922 3750 955 3794 ‹lt
968 3766 995 3781 -
1010 3747 1035 3791 di
1050 3752 1111 3793 mot·

46 3829 153 3882 lesdam.
166 3853 193 3861 -
207 3828 263 3873 ced
284 3827 414 3872 densiora
435 3829 559 3871 aratura
581 3828 642 3877 eet,
656 3827 712 3869 sort.
727 3822 755 3866 in
769 3824 818 3866 lsoc
833 3834 868 3865 re.

77 3909 147 3965 Cap.
157 3908 245 3954 LXI.
253 3931 281 3938 -
289 3907 364 3952 248.
376 3905 407 3951 N
407 3919 467 3950 reno
488 3919 543 3961 eacp
551 3918 587 3950 cru
594 3917 638 3950 aar
646 3916 693 3957 tce,
703 3915 761 3956 ecc„
768 3900 862 3957 perone
870 3900 965 3945 Sesars
974 3907 1028 3938 nen
1036 3910 1118 3940 ausen
