2526 4246
142 176 185 214 nn
202 173 350 216 onurouu
367 173 427 214 nm.
446 174 482 226 11,
502 173 571 214 cur.
591 171 999 223 xxxv11-xxxv11n9154-159
1058 157 1107 210 173

45 301 106 348 lam
128 270 278 348 omnino
302 282 396 349 baud
417 284 546 368 placet.
576 282 635 348 Sed
659 292 760 347 tamen
784 282 857 346 baeo
879 290 924 346 est
946 300 1014 345 mea
1042 299 1108 345 sen·

45 382 138 458 tentia,
162 401 255 466 quarn
271 381 397 446 videbar·
412 380 600 466 exposuisse:
624 399 678 466 ego
694 379 750 444 ista
766 379 864 445 studia
880 399 942 444 non
957 378 1105 462 improbo,

45 479 188 544 moderata
211 481 303 545 modo
326 479 400 544 sint:
423 479 599 565 opinionem
623 479 751 543 istorum
767 477 938 543 studiorum
961 486 991 541 et
1013 476 1107 559 suspi-

47 576 151 642 tionem
167 577 286 642 artilirii
304 579 384 662 apud
400 598 460 654 eos,
477 577 528 663 qui
545 597 594 642 res
611 577 754 653 iudicent,
771 577 881 641 oratori
899 574 1106 640 adversariam

49 693 101 738 esse
121 676 261 740 arbitror.
286 675 442 740 lmminoit
464 675 547 740 enirn
570 687 600 739 et
622 673 750 739 oratoris
774 673 982 738 auctoritatem
999 682 1028 736 et
1042 692 1106 736 ora-

51 771 126 837 tionis
149 774 250 839 lidenr.

85 871 287 949 XXXVIII.
314 871 382 948 Sed,
413 881 447 936 ut
473 891 508 936 eo
536 882 706 947 revocetur,
742 871 823 936 unde
851 870 910 935 buo
943 868 1106 934 declinavit
1136 876 1182 929 157

54 970 140 1046 oratio,
168 992 204 1036 ex
236 970 333 1035 tribus
363 970 427 1034 istis
454 970 629 1035 clarissimis
652 969 853 1054 pbilosophis
876 989 951 1053 quos
979 967 1105 1033 Romam

45 1068 153 1155 uenisse
168 1069 281 1145 dixisti,
299 1068 423 1134 videsne
438 1068 605 1153 Diogenem
617 1089 687 1134 eum
703 1068 801 1142 luisse,
816 1068 865 1152 qui
880 1067 993 1132 diceret
1009 1077 1105 1131 artem

56 1180 79 1225 se
96 1167 206 1232 tradere
229 1167 308 1231 bene
330 1165 498 1232 disserendi
522 1176 550 1230 et
567 1186 640 1231 vera
655 1186 688 1230 ao
704 1165 777 1229 laba
799 1164 996 1241 diiudicandi‚
1013 1184 1105 1250 qnam

58 1264 129 1328 roto
148 1264 259 1330 Graeco
281 1265 472 1348 διαλεκτικὴν
487 1266 677 1350 appellaret?
702 1263 734 1327 ln
753 1264 895 1340 barasto,
915 1263 939 1327 si
956 1263 1046 1328 modo
1061 1274 1106 1327 est

60 1355 113 1424 liaeo
125 1384 179 1440 aro,
197 1365 316 1428 nullum
333 1375 377 1428 est
391 1373 597 1448 praereptum,
614 1383 674 1446 quo
691 1362 779 1427 rnodo
795 1382 903 1427 verum
920 1361 1104 1437 inveniatur,

58 1456 95 1519 sed
113 1470 225 1526 tantum
249 1472 302 1538 est,
333 1482 393 1546 quo
421 1460 512 1525 modo
540 1461 698 1525 iudioelur.
744 1460 817 1525 llam
841 1471 870 1524 el
892 1479 993 1536 omne,
1024 1460 1104 1543 quod
1134 1473 1181 1527 158

58 1554 206 1640 eloquimur
227 1561 278 1636 sio,
302 1570 336 1625 ut
358 1559 389 1623 id
404 1570 457 1625 aut
471 1579 536 1624 esse
554 1558 688 1624 dicantus
706 1569 757 1624 aut
774 1578 835 1623 non
850 1578 924 1634 esse,
944 1567 983 1633 et,
996 1558 1019 1620 si
1036 1557 1105 1621 sinr-

58 1652 152 1730 pliriter
173 1657 288 1722 dictum
310 1658 357 1735 sit,
380 1657 550 1742 suscipiunt
565 1657 720 1733 dialectici,
738 1668 770 1722 ut
793 1657 936 1731 iudicent,
956 1676 1104 1721 verumne

58 1747 85 1810 sil
103 1774 134 1818 an
156 1756 279 1833 lalsum;
303 1766 341 1833 et,
361 1756 384 1820 si
401 1757 560 1820 ooninnole
575 1756 613 1819 sit
628 1757 742 1821 elatum
758 1767 787 1821 et
802 1754 942 1820 adiunola
958 1755 1102 1830 Sintabo,

58 1841 173 1929 ludioanl,
202 1864 320 1919 rectene
347 1853 488 1919 adiuncta
515 1854 576 1918 sint
603 1866 632 1919 et
661 1874 773 1918 verane
801 1874 918 1919 summa
946 1853 984 1917 sit
1014 1853 1104 1918 runos

57 1946 174 2036 rariusque
197 1952 323 2017 rationis
345 1963 375 2017 et
397 1951 437 2016 ad
459 1962 630 2017 extremum
662 1953 717 2036 ipsi
746 1973 778 2018 se
804 1963 1013 2038 compungunt
1042 1952 1103 2016 suis

57 2051 220 2116 torminibus
243 2061 272 2115 et
295 2053 390 2116 multa
407 2049 582 2135 quaerendo
598 2051 756 2136 reperiunt
779 2071 840 2115 nort
857 2051 947 2116 modo
966 2071 1010 2135 ea,
1027 2071 1104 2134 quoe

56 2135 100 2208 lan
118 2168 174 2213 non
198 2149 315 2234 possint
330 2149 387 2234 ipsi
404 2147 581 2224 dissolvere,
604 2149 656 2213 sed
678 2149 769 2214 etiarn
786 2149 896 2234 quibus
911 2159 982 2213 ante
997 2169 1102 2213 exorsa

55 2248 75 2299 ll
86 2247 173 2326 potius
188 2248 308 2313 detexta
323 2267 420 2332 prope
442 2256 626 2312 relexantur.
673 2247 725 2311 llic
740 2267 794 2311 nos
811 2247 901 2333 igitur
917 2247 1032 2312 Stoicus
1048 2246 1103 2310 iste
1133 2260 1180 2314 159

55 2335 112 2404 llbil
125 2345 256 2422 adiuvat,
270 2345 425 2430 quoniam,
438 2364 528 2428 quem
545 2345 582 2409 ad
596 2345 721 2410 modurn
738 2346 891 2410 inveniam
909 2343 982 2428 quid
995 2343 1102 2418 dicant,

54 2448 98 2501 non
117 2442 208 2519 docet,
233 2454 323 2528 atque
346 2444 429 2509 idem
451 2443 543 2507 etiam
559 2443 695 2528 impedit,
713 2443 793 2528 quod
816 2454 845 2508 et
862 2444 958 2508 multa
978 2443 1101 2527 reperit,

52 2547 110 2612 {luae
128 2552 216 2627 negat
239 2543 302 2607 ullo
324 2541 416 2606 modo
431 2560 518 2625 posse
534 2541 667 2617 dissolvi,
685 2552 714 2606 et
728 2562 824 2627 genus
840 2542 990 2606 sermonis
1005 2541 1103 2606 adfert

52 2645 96 2699 lon
116 2640 276 2725 liquidum,
305 2660 366 2705 non
390 2639 492 2704 lusum
519 2660 553 2704 ao
578 2639 746 2724 prolluens,
777 2640 829 2705 sed
857 2640 946 2716 exile,
970 2640 1101 2716 aridum,

49 2737 178 2803 lonoisum
202 2759 236 2803 ao
257 2737 423 2803 minutum.
447 2736 533 2820 Quod
552 2738 643 2823 siqui
663 2738 812 2822 probabit,
838 2739 878 2803 ita
901 2739 1052 2824 probabit,
1071 2750 1102 2804 ut

52 2861 319 2883 *—

48 2947 96 2993 nella
108 2966 198 3005 guerro
213 2952 236 2996 ‹li
252 2952 326 2997 Troia
339 2944 586 3011 (νεός-πτολεμέω).
602 2977 627 2983 -
642 2951 726 2996 Enni
733 2966 794 3005 una·
807 2966 829 2995 v.
841 2953 859 3005 Ι,
876 2956 920 2996 154.
930 2976 956 2983 —
967 2965 1099 3001 omnmo·

47 3024 88 3064 tort,
96 3025 289 3078 philosophari.
304 3048 330 3055 -
345 3024 525 3079 opinionem
547 3027 684 3070 lotorum
709 3027 895 3071 studio-rtem
917 3048 943 3060 =
959 3027 973 3070 il
990 3031 1101 3071 oonoetto

46 3081 118 3138 ‘l'rssor
132 3100 230 3140 versuto
241 3094 265 3138 in
276 3094 358 3148 questi
369 3093 443 3138 studi.
453 3119 478 3126 -
490 3096 716 3140 ad'oersariom
732 3118 759 3130 =
765 3098 951 3151 perniciosam,
962 3098 1101 3151 infensam.

75 3189 139 3244 (sap.
154 3191 345 3237 xxxvm.
361 3175 473 3236 —'1³⁷.
488 3193 547 3236 buc
561 3193 574 3236 e
590 3192 621 3236 do
631 3191 744 3236 troilurre
762 3206 842 3246 oppur
857 3195 910 3237 no?
930 3217 956 3223 -
973 3194 1099 3236 uidesne

46 3267 65 3284 ἢ
77 3270 154 3303 »rorone
168 3259 247 3302 vides.

94 3347 159 3390 los·
174 3347 203 3390 si
216 3346 413 3400 simpliciter
435 3347 556 3392 dr'ctum
570 3347 615 3391 sit
629 3368 655 3380 =
670 3361 696 3392 se
711 3347 736 3391 la
754 3347 929 3403 proposizione
945 3347 958 3391 b
973 3347 1101 3399 sernplior.

45 3425 61 3435 “
73 3414 254 3467 suscipient
268 3410 432 3466 ==prendono
443 3427 457 3457 a
468 3414 686 3458 meminere-oi
700 3416 869 3459 coitionem
884 3416 927 3460 sil
942 3415 1099 3458 etatem-

45 3478 124 3524 tuando
134 3492 177 3524 son
188 3477 233 3532 pio
241 3478 409 3531 propoeizioni
421 3479 503 3533 legate
513 3480 624 3525 insieme.
632 3504 658 3511 -
669 3494 803 3528 summa.
811 3518 830 3528 ..
841 3481 967 3527 rolloni
972 3493 992 3534 s,
1007 3480 1031 3524 lo
1045 3493 1101 3525 oon-

45 3538 133 3589 :lusione
148 3545 188 3589 ‹lol
205 3544 350 3597 sillogisnro.
364 3568 390 3575 —
410 3559 441 3590 se
463 3552 679 3602 conspuebant
700 3549 769 3592 stols
791 3548 1012 3600 ueuntr'nibue;
1032 3546 1104 3592 lette·

45 3607 156 3656 nlnento:
172 3612 193 3655 si
215 3624 333 3664 pungono
355 3612 419 3656 eolle
440 3613 540 3667 proprie
556 3618 639 3667 punto,
654 3613 707 3658 oiod
727 3615 790 3660 oolla
812 3616 864 3660 loro
882 3614 1041 3666 sottigliezze.
1055 3615 1102 3660 Xoi

45 3669 140 3722 licionio:
155 3678 176 3722 si
193 3677 242 3721 den
257 3677 282 3720 lo
296 3690 377 3732 zoppo
392 3678 429 3723 sui
444 3679 519 3732 piedi.

57 3833 61 3843 ⁸
93 3775 158 3817 150.
173 3772 320 3828 inmedit,
334 3777 390 3818 sott.
400 3787 441 3818 me
450 3795 477 3808 ι-
485 3775 517 3819 mi
527 3775 656 3829 confunde,
667 3776 698 3820 nri
714 3776 856 3831 ovviluppa.
865 3801 891 3808 -
900 3776 992 3822 etoile.
1000 3811 1019 3822 ..
1032 3788 1102 3820 oon·

45 3843 137 3893 >toum;
158 3853 188 3885 su
212 3839 278 3884 exile
291 3852 314 3883 v.
336 3843 394 3884 note
414 3854 429 3884 a
448 3841 559 3894 aniliter,
572 3841 591 3894 1,
613 3844 653 3896 50;
667 3844 799 3889 concisum
813 3843 846 3888 he
867 3842 942 3898 quill
963 3840 1101 3894 significato

45 3901 232 3960 etimologieodi:
247 3903 444 3952 immorantem
461 3907 494 3954 tol
518 3920 591 3955 senso
613 3910 681 3957 s'uso
696 3908 776 3957 onobe
790 3908 948 3960 riieuonbobo
968 3906 1006 3952 ab
1023 3905 1120 3950 mutto.
