2526 4246
143 155 177 209 78
509 171 544 210 m.
563 170 668 210 runnu
688 169 850 211 etceeoms

138 273 210 340 iure
231 275 311 340 civili
336 284 434 360 potest
451 296 518 341 esse
532 274 695 353 contentio,
712 295 781 341 cum
797 274 963 360 quaeritur,
980 275 1015 352 is,
1031 274 1084 361 qui
1097 274 1213 341 domini

143 379 301 443 voluntate
322 397 430 444 census
452 378 499 455 sit,
516 378 702 444 continuone
718 397 768 455 an,
784 377 836 443 ubi
852 378 984 444 lustrum
998 377 1039 442 sit
1052 377 1214 453 conditum,

142 478 221 546 liber
243 481 301 545 sit?
325 479 414 564 Quid,
438 480 519 567 quod
544 501 602 547 usu
625 480 772 546 memoria
795 490 918 566 patrum
940 480 1042 557 venit,
1066 490 1101 546 ut
1122 490 1215 567 pater·

143 579 282 661 familias,
306 582 358 668 qui
381 604 419 649 ex
442 583 586 668 Hispania
604 582 730 648 Romam
745 582 887 659 venisset,
906 602 975 648 cum
990 603 1121 649 uxorem
1136 603 1216 669 prae

142 694 287 770 guantem
310 684 342 748 in
364 685 522 771 provincia·
546 684 719 770 reliquisset
742 684 913 770 Romaeque
933 687 1061 752 alteram
1084 684 1215 752 duxisset

143 806 243 872 neque
265 788 409 853 nuntium
431 788 527 873 priori
554 788 721 854 remisisset
746 799 945 873 mortuusque
973 798 1053 854 esset
1079 788 1214 854 intestato

143 899 173 954 et
195 909 233 954 ex
254 898 384 974 utraque
407 890 489 956 silius
511 901 600 956 natus
622 901 701 956 esset
721 914 777 954 -:
800 889 1002 957 mediocrisne
1024 911 1073 956 res
1097 891 1130 956 in
1152 910 1215 957 run·

143 991 324 1056 troversiam
346 991 473 1057 adducta
489 998 560 1059 est?
584 1013 651 1058 oum
675 1002 873 1078 quaereretur
899 992 937 1058 de
964 991 1084 1059 duobus
1105 993 1214 1060 civium
1257 1048 1259 1073 ,

143 1093 291 1179 capitibus
313 1102 343 1158 et
365 1093 402 1158 de
426 1115 532 1179 puero,
545 1096 597 1180 qui
620 1116 658 1160 ex
676 1095 845 1181 posteriore
859 1106 948 1161 natus
963 1106 1039 1173 erat,
1055 1105 1086 1160 et
1101 1096 1140 1162 de
1153 1097 1214 1162 eius
1256 1078 1259 1165 1

143 1205 257 1274 matre;
277 1215 364 1280 quae,
380 1195 405 1259 si
421 1196 607 1262 iudicaretur
620 1199 710 1263 certis
725 1197 908 1283 quibusdam
923 1197 1035 1275 verbis,
1052 1218 1115 1264 non
1132 1199 1215 1264 nouis
1255 1176 1259 1265 ¹.

143 1298 258 1382 nuptiis
281 1297 440 1364 doricum
463 1300 620 1385 superiore
643 1300 819 1377 divortium,
849 1300 880 1364 in
906 1299 1094 1367 concubinae
1118 1303 1214 1369 locum

68 1413 116 1469 184
142 1400 313 1467 duceretur.
359 1400 436 1467 Haec
457 1401 549 1488 igitur
575 1412 604 1467 et
635 1402 744 1468 borum
772 1403 883 1467 similia
905 1402 973 1467 iura
995 1423 1068 1469 suae
1091 1403 1216 1470 civitatis
1257 1422 1259 1445 ¹

42 1528 45 1533 <
142 1503 344 1590 ignorantem,
357 1514 490 1570 erectum
506 1515 536 1569 et
550 1506 675 1580 celsum,
692 1505 782 1569 alacri
799 1515 829 1570 et
844 1515 987 1590 prompto
1003 1525 1057 1571 ore
1072 1527 1106 1572 ac
1121 1509 1215 1583 vultu,

144 1607 203 1672 buc
217 1617 308 1691 atque
323 1607 395 1672 illuc
409 1608 591 1684 intuentem,
606 1608 708 1694 vagari
724 1629 792 1673 cum
808 1627 918 1693 magna
929 1618 1049 1674 caterva
1066 1618 1129 1675 toto
1146 1609 1216 1681 toro.

142 1709 329 1794 praesidium
351 1709 512 1775 clientibus
535 1720 625 1794 atque
648 1730 737 1796 opem
760 1711 864 1775 amicis
885 1722 915 1775 et
936 1730 1034 1796 prope
1049 1712 1166 1777 cunctis
1180 1713 1217 1778 ci·

136 1812 230 1876 ribus
246 1813 344 1876 lucem
356 1812 468 1896 ingenii
482 1823 512 1877 et
527 1813 644 1877 consilii
656 1813 702 1878 sui
715 1813 921 1898 porrigentem
933 1822 1024 1898 atque
1038 1813 1215 1882 tendentem

143 1934 247 1978 nonne
269 1914 425 1999 inprimis
449 1915 629 2000 flagitiosum
652 1916 822 2001 putandum
839 1921 901 1981 estl

69 2032 117 2088 185
186 2015 280 2080 Xbl.
306 2016 338 2080 Et
361 2016 505 2101 quoniam
536 2017 573 2082 de
604 2018 794 2102 impudentia
820 2017 894 2095 dixi,
921 2018 1101 2105 castigemus
1126 2021 1216 2086 etiam

144 2118 322 2204 segnitatem
353 2118 512 2184 bominum
543 2129 634 2203 atque
664 2120 815 2184 inertiam.
839 2119 924 2194 Nam,
948 2120 972 2184 si
995 2130 1074 2185 esset
1096 2121 1152 2186 ista
1175 2141 1219 2186 co·

88 2247 94 2257 ·
142 2221 237 2306 gnitio
261 2221 335 2286 iuris
357 2241 466 2306 magna
489 2232 579 2306 atque
602 2222 744 2297 difficilis,
767 2232 868 2288 tamen
885 2223 1025 2288 utilitatis
1039 2224 1217 2309 magnitudo

141 2322 266 2389 deberet
286 2323 426 2389 homines
445 2323 483 2388 ad
499 2324 726 2410 suscipiendum
743 2324 876 2390 discendi
893 2325 1029 2390 laborem
1046 2325 1215 2411 impellere.

142 2426 211 2503 Sed,
234 2448 251 2492 o
275 2426 306 2491 di
329 2427 526 2502 immortales,
556 2446 617 2491 uon
646 2428 778 2493 dicerem
809 2428 874 2505 boc,
898 2427 1042 2494 audiente
1065 2428 1218 2505 Scaevola,

142 2529 199 2592 nisi
216 2529 281 2615 ipse
296 2528 396 2593 dicere
412 2529 522 2593 soleret
538 2529 654 2594 nullius
668 2530 742 2594 artis
759 2531 924 2596 faciliorem
940 2530 996 2596 sibi
1014 2531 1216 2618 coguitionem

67 2647 116 2700 180
143 2630 249 2694 videri.
295 2629 381 2711 Quod
404 2629 528 2712 quidem
551 2631 641 2694 certis
663 2630 702 2697 de
724 2633 820 2698 causis
842 2653 859 2697 a
882 2633 1038 2718 plerisque
1053 2634 1143 2699 aliter
1158 2633 1216 2699 exi-

211 2950 483 2998 mercatione...
501 2947 655 2993 Ε-11010110
678 2956 756 3008 stesso
779 2951 865 3003 giorno
884 2951 923 2995 del
946 2964 1021 2996 censo
1036 2953 1214 3001 (lustrum).-

145 3022 287 3065 rostrum
308 3022 353 3064 sit
374 3022 538 3065 conditum
552 3041 579 3054 ==
594 3019 631 3064 sie
652 3019 720 3065 finito
742 3021 758 3064 il
781 3021 931 3065 consimento
952 3021 989 3065 de'
1004 3021 1182 3072 cittedini.clre
1196 3020 1213 3065 si

144 3092 232 3136 loteva
243 3092 299 3144 ogni
310 3092 399 3146 cinque
410 3091 475 3136 enni.
486 3115 510 3122 —
525 3105 584 3136 roeo
601 3091 760 3143 congiungusi
773 3105 818 3135 oon
829 3092 933 3135 00011Ε
943 3094 1107 3137 00000001.-
1121 3104 1215 3147 nequa

144 3160 295 3204 recentium
313 3161 423 3214 priori
444 3160 628 3203 remisisset
642 3179 668 3191 ==
684 3172 754 3201 sunzo
772 3157 897 3210 ripndiare
908 3159 932 3201 lu
942 3158 1023 3211 prime
1033 3159 1131 3212 meglio.
1145 3159 1215 3203 Nun·

144 3231 211 3274 tium
226 3231 303 3274 uxori
317 3231 450 3274 remittere
465 3229 540 3274 dicesi
556 3229 595 3274 del
611 3228 707 3282 morito,
727 3228 770 3272 cho
791 3228 815 3272 fu
830 3228 862 3280 gli
884 3228 927 3272 otti
943 3228 1018 3281 legali
1036 3229 1159 3274 necessari
1173 3240 1217 3282 per

145 3301 332 3353 ‹separaziono
346 3301 504 3353 corporale>
526 3300 593 3344 (lulla
615 3298 712 3350 meglio.
734 3322 758 3328 —
778 3300 949 3345 intestato.
971 3311 1045 3342 senze
1065 3300 1219 3344 testamento.

144 3370 229 3414 Arche
245 3370 329 3423 oggidl
340 3371 360 3415 si
371 3371 437 3415 ilico:
452 3371 540 3415 morire
552 3372 584 3414 ab
595 3371 725 3414 intestato.
740 3394 765 3400 —
780 3383 814 3412 eac
834 3369 1024 3423 posteriore,
1038 3373 1221 3414 001100ον0-

145 3438 210 3482 dello
225 3440 310 3483 ultime
326 3453 407 3483 nozzo.
422 3441 561 3484 —certis
584 3440 777 3493 quibusdam
800 3440 912 3490 verbio,
927 3439 958 3482 du
974 3444 1040 3483 certe
1058 3438 1220 3485 determinate

143 3509 255 3562 srrrmole,
269 3510 314 3553 che
333 3510 350 3553 il
371 3511 458 3555 morito
478 3511 647 3564 pronunziavu
668 3511 706 3554 nol
731 3510 856 3563 ripudinre
876 3510 900 3553 10
920 3510 1022 3562 moglie:
1036 3524 1079 3555 res
1096 3515 1157 3556 tuas
1170 3505 1223 3555 troi

144 3581 245 3634 habeto,
265 3585 326 3624 tuas
347 3593 389 3625 rea
411 3583 458 3625 ttot
479 3583 565 3635 optto,·
580 3581 644 3634 dopo
660 3581 684 3624 di
699 3581 744 3625 che
761 3581 782 3624 le
797 3580 903 3624 rendere
921 3581 944 3624 la
959 3580 1023 3625 dote.
1037 3605 1063 3612 —
1084 3594 1152 3626 cum
1172 3592 1224 3625 eu·

142 3652 286 3704 periore,
304 3656 410 3704 opposto
425 3651 457 3695 ed
472 3665 502 3695 occ
513 3653 666 3706 posteriore,
681 3652 744 3696 eollu
759 3652 839 3706 prime
855 3650 952 3703 moglie.

213 3754 282 3798 184.
299 3759 439 3799 erectum
460 3760 488 3800 et
509 3757 630 3800 celsum
644 3757 721 3800 -col
737 3770 800 3810 copo
820 3757 870 3800 olto
890 3769 962 3800 euna
973 3757 1087 3802 oert’eria
1104 3756 1128 3800 di
1140 3762 1224 3801 treco‘

144 3830 224 3868 tanao.
243 3838 341 3870 -ore
363 3839 397 3869 ac
418 3827 521 3871 vultu.
539 3826 572 3870 Os
588 3840 634 3871 con
648 3827 737 3870 varltuo
756 3826 866 3879 significa
887 3827 910 3870 le
928 3825 984 3870 obru
1000 3840 1013 3872 0
1034 3827 1050 3870 il
1065 3827 1131 3872 volto
1150 3832 1224 3871 come

134 3893 297 3944 repressione
314 3895 487 3943 dell’r'nterno.
