2526 4246
249 121 292 160 uu
311 118 457 161 ouuuouu
474 120 536 161 uun.
557 120 606 171 111,
626 118 695 160 cnr.
716 119 839 169 Lx-LXI,
858 118 976 170 eme-228
1096 102 1145 156 367

64 245 166 293 auare
191 235 236 291 est
256 263 299 272 —
325 244 397 289 nam
419 246 436 290 a
458 225 610 312 principio
636 228 767 292 clamare
793 236 910 312 agreste
932 224 1079 310 quiddam
1101 235 1146 289 est

72 362 113 374 -
137 336 168 393 θῖ
189 327 272 393 idem
294 327 372 393 illud
393 328 431 393 ad
454 328 639 395 firmandam
662 339 708 394 est
729 348 834 395 vocem
859 329 1001 393 salutare.
1027 327 1146 394 Deinde

66 439 118 495 est
132 429 277 516 quiddam
295 430 497 496 contentionis
516 442 699 510 extremum,
716 431 797 517 quod
820 441 922 496 tamen
946 430 1074 496 interius
1090 439 1144 506 est,

68 552 164 618 quam
187 532 378 599 acutissimus
399 535 523 621 clamor,
547 555 607 620 quo
630 545 659 601 te
683 534 784 600 fistula
804 533 948 620 progredi
971 552 1033 598 nou
1056 533 1144 612 sinet,

65 644 102 700 et
123 634 186 701 iam
200 634 239 700 ub
255 635 320 720 ipsu
335 636 529 701 contentione
544 636 706 703 revocabit.
724 636 772 701 Εεῖ
789 636 862 701 item
879 645 983 701 contra
999 634 1145 720 quiddam

69 736 104 802 in
126 737 308 803 remissione
329 737 544 825 gravissimum
572 759 693 825 quoque
723 749 879 824 tamquam
914 757 1059 803 sonorum
1080 758 1146 823 gra·

67 838 161 906 dibus
183 839 387 906 descenditur.
403 839 480 906 Haec
497 842 628 908 varietas
643 852 673 907 et
697 841 746 906 hic
760 862 817 928 per
832 860 938 906 omnes
960 860 1049 905 sonos
1064 840 1144 905 vocis

66 961 177 1007 cursus
208 952 239 1007 θῖ
269 961 302 1006 εθ
335 941 472 1008 tuebitur
504 953 534 1008 et
566 944 675 1010 actioni
707 943 823 1010 adferet
863 942 1052 1009 suavitatem.
1086 942 1145 1008 Sed

71 1042 274 1110 fistulatorem
297 1044 380 1110 domi
404 1045 593 1131 relinquetis,
606 1067 730 1113 sensum
746 1046 838 1113 buius
852 1045 1081 1113 consuetudinis
1098 1067 1146 1112 ro·

72 1144 189 1212 biscum
211 1145 250 1211 ad
273 1146 373 1212 forum
396 1147 547 1213 deferetis.

115 1248 212 1327 Edidi,
235 1269 315 1334 quae
336 1250 431 1334 potui,
455 1270 517 1315 non
551 1261 585 1316 ut
607 1251 700 1328 volui,
723 1251 776 1316 sed
798 1261 832 1315 ut
854 1270 904 1316 me
926 1251 1073 1337 temporis
1096 1270 1146 1314 an·
1172 1262 1223 1316 228

67 1353 188 1439 gustiue
203 1364 376 1440 coegerunt.
393 1352 508 1419 Scitum
526 1365 571 1420 est
586 1355 670 1420 enim
685 1375 806 1420 causam
817 1354 956 1420 conferre
968 1355 999 1418 in
1015 1364 1145 1438 tempus,

72 1474 141 1522 cum
164 1455 285 1521 adferre
301 1458 401 1542 plura,
419 1457 443 1521 si
467 1458 580 1542 cupias,
601 1462 666 1522 'non
690 1477 792 1542 queas.
808 1456 854 1522 Tu
873 1477 956 1533 vero,
980 1456 1080 1541 inquit
1095 1455 1146 1521 Ca-

73 1559 164 1635 tulus
197 1558 343 1644 collegisti
373 1559 486 1638 omnia,
515 1570 664 1644 quantum
695 1579 749 1645 ego
774 1567 899 1644 possum
932 1558 1076 1635 iudicare,
1105 1558 1145 1623 ita

71 1659 230 1738 divinitus,
254 1671 288 1726 ut
311 1681 372 1726 non
404 1682 420 1726 a
450 1660 571 1727 Graecis
598 1661 772 1747 sumpsisse,
800 1661 853 1726 sed
880 1681 930 1726 eos
962 1661 1042 1746 ipsos
1074 1665 1147 1726 baec

17 1828 20 1833 .
70 1763 180 1829 dooere
202 1782 290 1849 posse
313 1763 445 1830 videare.
469 1764 516 1829 lle
538 1764 663 1849 quidem
685 1764 771 1829 istius
793 1764 943 1829 sermonis
965 1752 1145 1848 participem

70 1865 184 1931 lactum
206 1885 272 1931 esse
293 1865 425 1952 gaudem
442 1887 476 1931 ac
497 1868 620 1943 vellem,
643 1876 677 1931 ut
699 1886 786 1932 meus
807 1886 910 1951 gener,
934 1866 1045 1931 sodalis
1064 1877 1144 1944 tuus,

17 1974 19 1979 '
69 1968 264 2044 Hortensius,
292 1967 452 2047 adfuisset;
482 1988 575 2054 quem
601 1968 726 2053 quidem
759 1989 813 2055 ego
850 1968 970 2034 consido
1003 1970 1145 2035 omnibus

68 2070 136 2136 istis
152 2069 303 2149 laudibus,
320 2091 395 2156 quas
411 2082 442 2137 tu
458 2071 596 2136 oratione
612 2074 787 2156 complexus
803 2091 843 2149 es,
855 2072 1055 2136 excellentem
1071 2073 1144 2137 lore.

63 2394 148 2430 suono
158 2395 173 2427 o
183 2384 240 2427 mue
250 2396 374 2439 mezzano,
382 2398 422 2429 mu
431 2383 534 2438 proprio
546 2383 571 2427 di
581 2383 705 2428 ciascuno.
715 2407 741 2414 -
752 2383 906 2438 quiddam
925 2383 1145 2427 contentionis

63 2454 680 2508 entremum:unumessimeelzutu.-quod
697 2458 805 2498 tamen
821 2453 962 2498 interius
979 2456 1033 2507 est,
1051 2467 1145 2508 quum

63 2524 288 2570 acutissimus
307 2524 520 2570 clamor=cbe
536 2524 642 2568 tuttavia
663 2538 711 2569 non
734 2524 825 2577 giunge
847 2524 870 2567 al
886 2528 944 2567 tono
965 2522 1009 2577 piu
1024 2527 1104 2568 uouto.
1119 2549 1146 2555 —

63 2599 101 2642 et
121 2595 192 2639 iam
208 2612 234 2630 =
248 2608 261 2639 θ
277 2595 510 2640 immediatumente.
523 2619 550 2625 -
572 2596 730 2649 quiddam
749 2596 781 2639 in
806 2595 1000 2639 remissione
1022 2597 1146 2649 provis-

61 2668 264 2713 simum=un
278 2671 336 2712 tono
352 2669 427 2712 molto
449 2667 531 2711 besso.
545 2690 571 2697 -
586 2679 716 2721 quoque,
732 2665 820 2719 sciogli
835 2666 859 2709 in
874 2668 899 2710 et
913 2679 972 2719 quo.
988 2681 1060 2712 -se
1081 2672 1147 2713 lue·

63 2739 160 2784 bitur
173 2755 200 2773 =
214 2738 234 2782 si
250 2736 374 2784 manterrd
388 2738 496 2783 immune
511 2737 543 2781 da
558 2737 616 2790 ogni
635 2750 742 2782 ecoesso.
760 2760 787 2768 -
804 2738 1037 2792 fistulatorem
1063 2740 1146 2784 dorrec'

61 2809 275 2863 relinquetis,
296 2809 363 2854 detto
383 2809 571 2862 gerbutamente
590 2821 649 2862 per:
668 2823 716 2854 non
735 2808 759 2852 vi
779 2807 836 2853 date
859 2808 974 2862 pensiero
993 2809 1016 2853 di
1034 2812 1146 2866 porreta,-

63 2878 162 2925 budate
176 2892 192 2923 a
206 2883 294 2932 questo
309 2879 353 2924 ohe
369 2879 429 2925 dirb.
440 2878 489 2924 on.
501 2883 525 2924 te
540 2880 612 2925 ad...
626 2880 750 2934 fistulam
764 2880 836 2933 refer
846 2878 907 2930 del§
921 2880 968 2923 226.
978 2903 1003 2910 —
1018 2894 1146 2925 aerosum

64 2950 171 2996 huius
190 2951 436 2995 consuetudinis
455 2968 482 2985 =
500 2949 602 2994 l'intimo
625 2949 764 3003 significato
786 2949 887 2993 doll’uso
910 2949 950 2993 cui
971 2950 988 2993 il
1007 2952 1146 3005 fistulator

63 3033 149 3075 serve,
163 3019 216 3066 eloe
231 3021 257 3065 di
278 3020 348 3066 dervi
363 3021 380 3065 il
395 3020 497 3074 segnale
513 3019 538 3064 di
553 3020 635 3064 ulzure
650 3034 663 3065 o
679 3020 704 3065 di
720 3020 854 3065 ubbussure
869 3021 894 3063 lu
908 3032 976 3064 voce.

136 3144 211 3188 228.
227 3143 316 3197 Edidi,
331 3155 380 3188 eoo.
395 3141 443 3187 ou.
458 3144 468 3191 ἓ
485 3143 531 3185 199.
545 3165 571 3172 -
584 3141 708 3187 Scitum
722 3146 771 3187 est
781 3160 807 3177 =
817 3125 837 3186 b
848 3154 906 3186 cose
917 3154 1027 3196 comune,
1038 3142 1051 3187 e
1062 3156 1146 3187 uecor-

64 3214 177 3268 gimento
197 3213 277 3258 solito.
293 3237 319 3244 —
335 3224 467 3257 causum
490 3213 637 3267 conferre
655 3214 688 3257 iu
707 3216 832 3267 ternpus
846 3230 873 3248 =
887 3211 1008 3256 uddossur
1027 3213 1052 3257 lo
1070 3214 1144 3267 colpu

64 3285 91 3330 al
111 3287 203 3338 tempo,
217 3284 294 3337 gittar
316 3284 340 3328 lu
360 3283 433 3337 colpe
455 3282 492 3326 sul
508 3286 598 3336 tempo.
619 3307 645 3315 -
664 3285 688 3327 sc'
707 3284 800 3338 cupias
814 3300 841 3318 =
855 3282 953 3328 etiarn
972 3284 1000 3327 si
1019 3286 1144 3339 cupias.

63 3354 117 3401 co.
131 3356 158 3399 79
171 3353 269 3409 (Sorof).
280 3379 305 3386 -
321 3355 447 3406 uellem,
463 3357 510 3398 ut.
525 3353 536 3398 Ι
551 3354 620 3398 verbi
636 3353 659 3398 di
679 3354 771 3407 volere,
787 3356 973 3407 sequutamonte
989 3354 1053 3399 nelle
1068 3356 1145 3400 fornre

65 3425 154 3478 eelim,
163 3425 264 3479 vellem,
275 3425 364 3478 hunno,
373 3423 418 3477 pin
432 3423 457 3467 di
471 3423 610 3478 frequente,
620 3424 636 3468 il
647 3422 806 3477 congiuntivo
822 3437 895 3468 senze
909 3427 946 3476 ut,
958 3422 1024 3477 dopo
1036 3424 1060 3468 di
1076 3425 1110 3469 s'e.
1120 3449 1146 3456 —

65 3495 281 3541 Hortensius.
295 3481 315 3539 b
331 3495 358 3549 Q.
372 3494 486 3540 Ortensio
502 3495 594 3549 Ortalo,
604 3498 662 3539 nuto
676 3493 716 3539 nel
731 3494 787 3548 6401
800 3497 845 3548 114,
856 3498 933 3539 morto
944 3494 983 3538 nel
994 3496 1034 3539 tot
1046 3497 1049 3548 Ι
1062 3498 1094 3541 50.
1108 3496 1146 3541 Fu

64 3566 149 3613 emulo
164 3565 189 3609 di
204 3565 330 3620 Cicerone,
343 3565 360 3609 il
375 3565 449 3620 quule
464 3579 495 3610 ne
510 3565 568 3611 lodu
582 3565 714 3618 l’ingegno,
728 3565 753 3608 le
766 3579 823 3610 rura
838 3562 979 3609 memoriae
994 3565 1020 3610 lu
1030 3579 1091 3618 gron
1106 3579 1146 3611 co-

66 3648 190 3682 noscente
204 3635 249 3680 che
265 3649 343 3681 uvevu
353 3635 464 3680 dell’arte
476 3636 592 3681 oratorie.
601 3634 672 3679 Delle
688 3634 833 3679 mollissime
848 3647 891 3679 sue
906 3634 1015 3678 oruzioni
1029 3649 1078 3681 non
1087 3650 1145 3690 per·

65 3719 176 3753 renuero
191 3721 206 3751 a
216 3708 257 3752 noi
267 3707 313 3752 che
328 3706 405 3752 scursi
415 3706 563 3752 frammenti.
572 3707 593 3750 Il
608 3719 652 3751 suo
664 3705 750 3750 scritto
762 3719 774 3750 ‹
784 3707 880 3750 intorno
891 3705 914 3750 ui
925 3706 1010 3759 luoghi
1026 3709 1122 3753 comuni
1134 3721 1145 3751 ›

67 3776 192 3825 dundato
214 3777 254 3821 del
276 3781 341 3823 tutto
363 3776 477 3831 perduto.
496 3799 522 3808 —
543 3777 690 3822 enercibns
716 3777 795 3821 istis
824 3776 987 3823 leudibus
1001 3796 1028 3814 =
1043 3779 1066 3823 in
1088 3780 1146 3824 tutti

65 3847 151 3905 questi
165 3849 244 3902 prepi.
