2526 4246
184 158 226 196 nn
244 157 537 208 carmaniam,
558 158 628 200 oar.
648 159 758 208 vr-vn,
778 158 867 209 §nant
932 152 935 157 ‘
1009 141 1061 195 273

35 280 92 344 quos
105 284 208 330 sensus
223 265 361 349 voluptat
362 284 393 330 es
350 263 561 350 tohleetant
549 263 723 351 tdispares,
739 274 774 330 ut
788 263 826 329 sit
845 262 969 330 difficile
984 262 1060 329 iudi-

36 384 76 428 un
94 367 248 432 excellent
229 377 265 431 trs
292 367 425 432 maxime
447 365 613 433 suavitatis.
659 369 695 432 lt
719 367 774 433 hoo
796 365 888 445 idern,
911 366 992 452 quod
1014 376 1059 432 est
1086 383 1121 437 26

35 486 39 528 ι
57 468 159 534 naturis
181 479 336 547 rerum‚t
324 469 560 535 transferrit
507 491 547 556 po
548 480 606 536 test
627 469 725 536 etiarn
743 470 781 535 ad
802 480 891 536 artes.
914 469 980 536 Una
1002 468 1059 533 fin

35 569 83 651 ndi
103 583 144 636 est
172 592 232 649 ars,
255 571 287 637 in
313 593 373 657 qua
400 582 590 658 praestantes
618 572 743 638 luerunt
769 572 862 658 Myro,
886 571 1058 658 Polyclitus,

35 670 150 758 ysippns3
163 674 215 760 qui
231 695 337 740 omnes
353 674 433 741 inter
448 695 480 741 se
495 673 657 740 dissimiles
669 675 804 752 suerunt,
820 673 872 740 sed
888 674 929 740 ita
944 685 1057 752 tamen,

35 776 199 843 treminem
222 777 268 844 sui
291 777 368 843 velis
391 799 456 844 esse
477 776 668 844 dissimilem.
687 777 752 844 Una
774 788 820 844 est
848 799 898 843 ars
921 777 1058 863 ratioque

35 873 133 958 loturae,
155 878 413 966 dissimillimique
434 890 538 946 tamen
570 879 651 946 inter
673 901 706 946 se
728 879 846 958 Zeuxis,
870 879 1057 968 Aglaltplron,

35 981 121 1061 pelles;
144 1003 245 1068 neque
266 1002 374 1048 eornm
392 981 553 1069 quisquam
568 992 613 1049 est
628 982 675 1048 eui
691 981 859 1069 quidquam
874 983 906 1049 in
924 994 990 1050 arte
1005 1005 1059 1049 sua

35 1098 95 1148 ²esse
114 1084 261 1151 videatur.
279 1085 322 1164 Et,
343 1085 368 1150 si
385 1086 441 1151 hoc
463 1085 495 1151 in
512 1084 560 1150 his
586 1085 672 1170 quasi
687 1086 781 1152 mutis
799 1085 915 1153 artibus
930 1096 982 1152 est
1003 1086 1059 1151 mi-

35 1184 121 1251 ndum
132 1198 161 1252 et
173 1199 276 1254 tamen
288 1209 407 1266 verum,
421 1198 534 1273 quanto
547 1187 759 1254 admirabilius
771 1188 803 1253 in
816 1188 953 1255 oratione
967 1199 1058 1275 atque
1109 1213 1111 1217 ¹

35 1307 38 1346 ι
55 1286 166 1376 lingua?
190 1311 268 1376 quae
290 1311 360 1356 eum
376 1289 408 1355 in
423 1290 532 1357 iisdem
547 1290 708 1356 sententiis
723 1290 886 1377 verbisque
908 1303 1057 1369 versetur,

35 1405 122 1456 inmas
144 1392 236 1458 hahet
262 1392 402 1458 dissimili
404 1392 539 1471 tudines;
563 1412 625 1458 non
653 1392 710 1470 sie,
733 1403 767 1458 ut
789 1392 840 1457 alii
862 1393 1058 1478 vituperandi

35 1501 65 1567 nt,
85 1495 134 1559 sed
155 1517 176 1561 u
173 1494 373 1663 ὲωυοεΑ
364 1506 479 1561 constet
493 1515 559 1561 esse
581 1495 783 1573 laudandoss
775 1515 807 1558 rn
824 1495 966 1581 disparit
967 1515 1057 1561 amen

35 1592 94 1659 t'ner
85 1505 252 1700 estitit
199 1608 252 1664 ent
253 1619 299 1664 ur.
471 1597 670 1727 q÷primum
692 1597 724 1663 in
747 1596 844 1682 poetis
866 1596 949 1663 cerni
979 1596 1057 1674 licet,

35 1694 68 1761 lib
68 1719 99 1763 us
119 1711 165 1766 est
186 1701 382 1786 proximae
349 1598 509 1787 offitio
507 1721 576 1766 enm
592 1710 658 1766 orat
646 1700 772 1776 toribus,
788 1720 881 1786 quam
902 1700 963 1766 sint
978 1699 1059 1766 inter

37 1801 187 1880 sedunius,
201 1802 347 1869 Pacuvius
362 1803 525 1889 deciusque
543 1802 715 1880 dissimiles,
731 1823 824 1888 qnam
838 1803 920 1890 apud
931 1802 1059 1869 Graecos

35 1903 159 1990 eschylus,
168 1895 343 1991 Sophocles,
358 1905 524 1992 Euripides,
535 1926 720 1991 quamquam
737 1905 879 1972 omnibns
891 1928 947 1994 par
961 1927 1059 1993 paene

35 2025 288 2043 *—

38 2078 120 2128 iaecian
140 2084 233 2137 godere
252 2083 377 2129 differenti
396 2086 479 2140 specie
498 2085 523 2129 di
543 2085 637 2130 diletto.
658 2108 684 2115 —
708 2085 900 2130 eccellentie
922 2087 1060 2131 manime

35 2155 167 2200 castratis
182 2173 208 2190 =
226 2157 299 2210 quale
315 2155 354 2200 sia
368 2156 394 2200 la
408 2156 451 2210 pin
465 2156 559 2210 grande
574 2156 639 2201 delle
655 2155 768 2201 dolcezze
783 2155 828 2200 che
842 2156 979 2210 proviamo.

60 2242 106 2288 26.
120 2244 131 2288 i
136 2257 154 2288 n
175 2244 306 2288 naturis
328 2256 437 2288 rerum
450 2248 485 2294 (ε
494 2243 559 2288 uelle
569 2256 626 2288 cose
637 2243 753 2294 naturali)
765 2242 778 2287 ὸ
789 2243 814 2287 in
826 2247 1002 2298 eontrappoato
1013 2257 1059 2288 eon

36 2312 71 2357 tes.
82 2338 106 2346 -
117 2316 289 2370 stupendi...
304 2328 368 2368 ars,
382 2314 395 2359 ὸ
415 2316 439 2359 la
453 2316 570 2360 scultura.
584 2339 610 2346 -
629 2314 730 2370 Myro,
745 2315 851 2359 soultore
867 2315 970 2369 insigne,
981 2315 1060 2359 disee·

35 2379 51 2424 lo
64 2383 84 2428 di
97 2385 224 2430 Polieleto.
238 2385 333 2429 Viveva
347 2385 387 2428 nel
401 2388 442 2429 404
456 2387 507 2430 mc.
521 2409 547 2416 —
566 2385 770 2440 Polyclitum·
786 2385 932 2439 v.11‚70.-
945 2385 1059 2440 Lysip-

35 2462 62 2506 ιε,
74 2455 94 2499 di
105 2456 209 2509 Sieione,
222 2455 287 2501 visse
303 2457 325 2500 a'
333 2455 408 2508 tempi
424 2455 448 2499 di
463 2456 613 2500 Alessendre
629 2456 646 2499 il
661 2455 768 2500 Grande.
781 2479 807 2486 -
821 2457 874 2500 eui
891 2456 973 2500 velie
992 2469 1059 2500 esee

35 2526 181 2570 setmttem
200 2543 226 2562 =
245 2525 353 2571 vorresti
368 2525 433 2570 fosse
448 2526 567 2571 dissimile
583 2527 615 2570 da
628 2526 654 2571 se
670 2525 816 2579 medesirnc;
832 2525 886 2571 eloe
901 2526 944 2571 ohe
960 2540 1059 2578 ognuno

35 2604 103 2642 inesse
115 2598 131 2641 il
141 2600 266 2657 carattere
274 2611 318 2642 suo
330 2597 438 2650 proprio.
448 2622 474 2629 —
489 2611 564 2642 era...
576 2599 737 2653 picturae,
752 2597 853 2642 eanehe
863 2597 931 2642 detta
939 2610 985 2643 are
995 2599 1058 2652 pin-

35 2665 90 2712 tdt'o
104 2669 156 2714 solo
166 2669 283 2722 pictura.
297 2692 324 2698 —
338 2666 361 2712 Z
365 2670 466 2723 etanta,
480 2669 505 2712 di
515 2668 620 2713 mantea
630 2669 697 2713 nella
707 2669 798 2721 Magne
809 2668 905 2722 Gracia,
915 2669 1003 2714 viveva
1017 2671 1058 2714 nel

35 2744 65 2779 lu.
77 2739 100 2783 C.
115 2738 283 2792 Ricehissimo,
297 2739 396 2782 donnva
414 2740 436 2783 le
456 2753 499 2783 sue
516 2738 618 2793 pitture,
637 2739 740 2784 dicendo
760 2751 842 2784 essere
862 2738 1014 2794 impegabili.
1032 2765 1058 2772 -

35 2806 176 2864 tladplson
195 2809 260 2853 visse
279 2810 444 2854 ne1420efu
466 2809 489 2853 di
512 2810 583 2854 Taso.
603 2832 628 2840 -
649 2809 783 2865 Apellea
804 2809 859 2855 fiori
880 2823 952 2856 verso
974 2811 991 2854 il
1012 2813 1059 2856 332.

35 2880 134 2924 issandro
148 2879 239 2932 Magno
253 2879 285 2924 dn
299 2878 335 2923 lui
351 2880 456 2924 soltanto
466 2880 532 2924 volls
547 2893 629 2924 essere
640 2881 744 2925 ritratto.
756 2905 782 2912 -
796 2881 896 2925 mulie
917 2883 1059 2936 ortibus,

35 2949 69 2992 nli
82 2964 148 3005 quoe
161 2951 218 2994 atrae
232 2949 380 3005 eloquentia
392 2954 552 2998 exercentur.
564 2950 587 2994 in
599 2951 758 3004 opposizione
770 2952 818 2996 alle
829 2951 877 2995 arti
888 2952 955 2997 della
963 2953 1059 3005 parola.

36 3018 62 3063 in
79 3021 226 3066 oratione
247 3025 343 3076 atque
364 3021 397 3065 in
419 3022 532 3076 linqua
547 3020 683 3067 dendiadi:
697 3023 721 3067 in
737 3037 769 3066 un
789 3021 898 3066 discorso
912 3024 1018 3075 perlato.
1033 3047 1058 3055 -

35 3100 57 3132 m
69 3090 80 3134 ὸ
94 3091 244 3136 concessivo.
257 3116 283 3123 -
297 3104 359 3137 econ
373 3093 429 3146 ste,
444 3097 546 3136 attenua
560 3092 577 3135 il
593 3092 731 3144 significato
747 3096 836 3146 troppo
856 3093 938 3145 amplo
954 3092 1058 3137 ereeiso

35 3170 155 3216 samniae,
171 3176 183 3206 e
202 3162 273 3207 vale:
293 3176 342 3207 non
358 3163 411 3208 sino
427 3163 449 3207 al
464 3168 549 3218 punto,
562 3176 611 3207 non
626 3176 641 3206 e
656 3164 690 3207 tal
706 3175 818 3214 segne...

54 3249 101 3294 27.
118 3251 193 3294 licet
212 3268 238 3285 =
253 3251 273 3294 si
287 3249 345 3304 pud,
360 3249 372 3294 d
388 3251 469 3295 facile.
483 3273 509 3281 -
532 3251 681 3304 coenatio
702 3269 728 3285 =
750 3247 849 3293 affinitd.
869 3271 895 3279 -
916 3248 1059 3304 Eernies;

37 3318 100 3361 54.-
115 3320 293 3374 Pacuvium
314 3322 332 3374 I,
346 3323 392 3364 246.
413 3345 438 3351 —
460 3321 592 3366 Aeeteos.
608 3355 633 3366 ..
659 3320 685 3364 L.
706 3319 825 3364 Acciuso
845 3318 927 3364 Attius
943 3320 968 3363 l'u
983 3328 1059 3373 poeta

35 3386 90 3444 eico,
109 3395 167 3435 nato
189 3405 204 3435 a
225 3391 316 3436 Pesarc
338 3393 377 3436 nel
401 3394 499 3436 584170.
518 3391 610 3435 Scrisse
633 3390 676 3444 piir
697 3390 722 3433 di
742 3392 769 3433 50
790 3388 903 3441 tragedia
925 3391 956 3435 ud
977 3389 1059 3434 imita-

35 3469 57 3502 te
75 3461 250 3515 specialmente
274 3462 298 3506 di
327 3462 430 3515 Sofoele,
453 3476 498 3516 per
521 3462 544 3505 lo
568 3461 612 3514 piu
635 3460 788 3505 sentenziose
813 3459 843 3503 ed
866 3460 998 3513 enfatiehe‚
1021 3466 1059 3506 tre

35 3527 81 3574 ridi
100 3532 221 3577 Annales
242 3546 255 3577 e
276 3547 338 3577 nove
361 3533 385 3577 di
402 3532 580 3577 Didascalico.
602 3556 627 3562 -
650 3532 839 3586 Aeschylus,
861 3537 938 3584 poeta
956 3532 1061 3587 tragico,

36 3609 48 3640 0
66 3601 95 3644 ad
116 3601 212 3647 Eleusis
227 3601 243 3646 il
258 3604 297 3646 525
309 3617 329 3646 n.
342 3603 374 3656 C,
388 3608 465 3647 morto
481 3616 495 3645 a
510 3601 572 3645 Gelu
587 3602 611 3645 in
626 3600 710 3645 Sicilia
725 3600 741 3643 il
756 3604 802 3645 456.
817 3599 945 3657 nonpose,
964 3601 1062 3658 ditono,

35 3679 55 3712 ta
66 3673 92 3716 90
105 3672 215 3726 dramni,
230 3673 271 3717 dci
285 3673 352 3726 quali
364 3673 385 3717 oi
401 3687 460 3717 sono
475 3677 609 3726 perrenute
621 3673 696 3716 solui
710 3671 861 3724 tregente-
876 3671 1061 3730 Sophocles,

35 3751 50 3782 20
67 3756 81 3786 a
100 3743 192 3788 Colono
213 3748 253 3788 tra
274 3743 290 3787 il
312 3746 352 3787 496
374 3757 387 3787 e
410 3744 425 3787 il
440 3746 480 3788 494
495 3758 515 3787 u.
531 3743 562 3794 C.,
576 3745 655 3787 morto
669 3743 709 3787 nel
724 3744 771 3787 405.
786 3742 907 3795 Compcse
922 3744 966 3799 piu
979 3744 1005 3789 di
1022 3750 1062 3790 1⁴20

35 3813 102 3869 unmi3
121 3815 162 3859 noi
183 3814 340 3868 possediamo
362 3815 414 3859 solo
432 3819 443 3859 7
459 3813 570 3866 tragedia
586 3813 663 3857 intere
679 3827 692 3858 e
707 3827 739 3856 un
754 3811 863 3866 rnigliaio
880 3813 905 3859 di
919 3815 1060 3860 frammenti

35 3880 57 3930 rii
69 3883 122 3928 altri
136 3884 247 3930 drammi.
260 3908 286 3915 —
300 3885 484 3940 Euripides,
498 3888 555 3928 nuto
571 3898 586 3929 a
600 3882 724 3929 Salamina
738 3881 806 3929 torsa
819 3882 864 3928 nel
876 3886 919 3929 Q
928 3899 953 3930 a.
963 3885 1076 3936 damnat

35 4035 57 4075 18
80 4036 214 4082 Crannonis
228 4040 261 4084 de
277 4038 348 4086 Orat.
364 4043 499 4099 (Firmani)
514 4044 564 4092 111.
