2526 4246
155 174 208 229 :ut
525 188 559 228 nr.
576 188 681 229 runnu
700 186 864 230 cmnnonrs

158 315 220 359 nun
235 294 313 359 dixit
334 304 431 380 pete,
455 313 517 358 non
540 313 626 379 cape
643 330 682 341 -
699 292 827 360 haberet
840 293 927 358 enim
946 312 1061 357 moram
1074 287 1189 377 sperantis
1227 308 1253 350 ,»,·,

158 397 272 463 diutius
294 418 360 463 esse
382 398 534 463 victurum
558 434 609 474 -,
632 396 685 462 sed
707 416 803 482 rape.
837 395 897 462 Heu
921 395 1049 462 verbum
1068 404 1109 461 est
1127 392 1156 459 ad
1170 389 1192 455 ‘d
1241 428 1247 435 -

158 512 305 586 aptatum,
328 499 409 586 quud
432 510 503 565 ante
525 499 654 577 dixerat,
679 499 762 566 dum
783 498 880 565 lieet.

81 620 133 675 163
201 603 296 670 XLI.
317 602 437 669 Deinde
465 600 635 668 videndum
664 613 710 667 est
738 621 777 667 ne
799 602 889 688 longe
915 600 1017 667 simile
1037 600 1075 666 sit
1094 600 1196 667 dudm.

160 706 295 791 Syrtim
324 704 555 791 patrimonii,
585 706 774 791 scopulum
803 703 951 770 libentius
974 703 1117 782 dixerim;
1137 701 1199 766 Cha·

160 808 302 893 ryhdim
326 808 516 886 bonorum,
540 807 752 892 voraginem
767 807 877 893 petius.
895 806 1025 882 Facilius
1036 807 1116 872 enim
1129 803 1200 877 adea,
1245 794 1257 825 ²

159 929 237 995 quae
259 911 333 987 visa,
357 929 449 995 quam
472 908 509 974 ad
533 909 595 986 illa,
619 928 698 994 quae
720 908 823 976 audita
845 919 927 986 suut,
951 909 1066 974 mentis
1086 907 1154 975 oculi
1175 904 1202 970 ie
1245 920 1257 945 -·

160 1022 280 1078 runtur.
304 1012 338 1075 Et
360 1011 505 1097 quoniam
530 1013 603 1076 haee
624 1012 673 1076 vel
696 1030 816 1077 summa
830 1012 898 1076 laus
912 1020 960 1075 est
974 1010 1008 1075 in
1023 1011 1205 1077 verbistrans·

161 1113 302 1190 ferundis,
330 1124 363 1179 ut
386 1133 510 1179 sensum
532 1113 621 1179 t'eriat
643 1112 684 1191 id,
708 1112 789 1199 quud
811 1115 996 1180 translatum
1023 1114 1070 1193 sit,
1093 1109 1206 1200 fugienda
1248 1146 1257 1154 ·-

160 1224 205 1281 est
227 1215 327 1280 omnis
350 1215 507 1302 turpitudo
522 1235 628 1281 earum
645 1235 760 1293 rerum,
777 1215 814 1281 ad
827 1236 902 1301 quas
918 1236 1028 1282 eorum
1040 1217 1158 1292 animus,
1171 1210 1208 1299 qui
1247 1214 1257 1254 ³

85 1335 135 1389 tut
160 1317 295 1396 audient,
319 1318 421 1384 trahet
442 1318 618 1384 similitude.
663 1317 738 1384 Nolo
756 1317 814 1383 dici
837 1329 938 1384 morte
960 1318 1094 1385 Africani
1109 1327 1210 1384 eastra·
1248 1330 1257 1343 ··

162 1432 231 1486 tam
253 1442 318 1488 esse
334 1441 400 1487 rem
415 1421 586 1509 publieam3
604 1421 827 1487 nolosteruus
848 1421 974 1487 euriae
992 1421 1052 1488 diei
1068 1421 1209 1488 Glauciam:

156 1525 301 1609 ,quamvis
330 1524 369 1589 sit
398 1524 507 1600 simile,
541 1534 645 1588 tamen
678 1533 723 1589 est
755 1523 788 1588 in
822 1532 954 1608 utruque
987 1523 1132 1590 deformis
1156 1520 1212 1608 tugi-

158 1627 233 1692 tatio
255 1626 474 1692 similitudinis.
496 1625 571 1691 Nolo
593 1646 659 1692 esse
681 1636 733 1693 aut
755 1626 862 1704 maius,
893 1645 990 1711 quam
1021 1648 1071 1693 res
1092 1626 1212 1714 postidet:

159 1729 370 1814 Tempestas
396 1728 685 1808 eumissat.i0nis;
709 1729 893 1795 autminus:
919 1727 1134 1797 Comissatiu
1152 1738 1239 1805 tem·¹

160 1831 327 1916 pestatis
358 1829 432 1895 Nolo
462 1850 527 1896 esse
556 1830 686 1896 verbum
713 1831 869 1917 angustius
892 1829 935 1909 id,
958 1832 1042 1917 qued
1057 1835 1216 1898 translatum

160 1933 209 2009 sit,
233 1951 325 2016 quam
348 1931 453 1997 suisset
475 1933 552 1998 illud
574 1933 736 2018 proprium
759 1952 921 1999 ausuum:

272 2053 431 2136 Quidnam
453 2067 503 2134 est,
527 2053 668 2120 obsecro?
695 2056 780 2138 Quid
802 2068 827 2120 te
848 2057 937 2121 adiri
956 2057 1111 2124 ubuutus?

190 2200 221 2206 --
228 2200 443 2207 ——-.-..
450 2200 468 2206 -

162 2278 223 2323 tiehi
237 2278 384 2323 indienvano
399 2277 416 2322 il
428 2278 488 2332 sole,
501 2276 573 2330 quusi
583 2276 623 2320 sol
636 2276 758 2330 radians,
768 2274 930 2329 irraggiunta.
939 2276 982 2321 Ma
992 2278 1084 2331 meglio
1093 2278 1220 2323 radiatum.

162 2349 211 2394 Otr.
227 2350 257 2394 de
271 2350 349 2394 diuiu.
363 2349 382 2403 1,
394 2351 434 2394 22:
456 2349 544 2393 orbem
560 2348 719 2402 flammeum
741 2347 880 2391 radiatum
900 2346 974 2392 solia.
989 2348 1077 2402 Questi
1095 2348 1157 2394 versi
1174 2357 1220 2392 sunu

163 2419 299 2475 dell’Aiau,
319 2420 434 2473 tragedia
448 2419 473 2463 di
487 2417 574 2463 Ennio.
589 2418 608 2462 Ε
624 2430 684 2462 sono
704 2417 785 2461 senari
800 2416 925 2470 giambiei.
944 2417 965 2462 11
980 2417 1071 2475 primo,
1086 2433 1134 2465 non
1146 2418 1220 2467 intem,

163 2504 274 2535 suonuru
288 2490 354 2536 eost:

411 2557 483 2601 video
498 2559 529 2609 to,
544 2555 629 2600 video:
642 2554 704 2609 uiue,
725 2553 822 2609 Ulixes,
839 2555 903 2599 dum
917 2554 987 2600 licet.

164 2677 190 2684 -
211 2655 342 2700 liaberet
362 2672 388 2690 =
405 2652 512 2698 avrebbe
530 2652 581 2698 eost
598 2664 713 2706 espressa
728 2651 793 2697 eolla
808 2655 889 2697 stessi
904 2657 1041 2706 posatazza
1056 2654 1120 2701 delle
1136 2651 1221 2709 parole:

163 2734 236 2777 rnrn,
250 2735 314 2767 curn
319 2759 379 2771 .....

205 2832 276 2884 cap.
292 2833 376 2878 xm.
395 2855 422 2863 —
442 2833 512 2877 103.
536 2832 626 2886 lonae
647 2832 756 2876 simite
776 2832 822 2876 ait
838 2833 968 2877 ductum
982 2851 1010 2870 =
1027 2834 1066 2880 sin
1080 2835 1114 2886 (lu
1127 2833 1222 2881 similitu·

164 2900 230 2951 dine)
244 2905 320 2945 trattn
335 2900 367 2944 da
380 2905 470 2954 troppo
484 2901 585 2946 lontano
600 2901 826 2955 (dall’intelligenza
836 2901 903 2955 degli
912 2901 1023 2954 nditori).
1037 2928 1065 2936 -
1080 2905 1220 2951 Snnrrnt...

164 2973 361 3017 (indurantur.
377 2971 408 3016 Vi
423 2985 499 3017 erano
514 2971 561 3016 due
575 2977 669 3028 syrtes,
685 2973 710 3017 lu
728 2974 816 3018 maior
830 2986 843 3018 e
862 2972 888 3017 la
907 2974 1003 3028 minor,
1019 2988 1033 3020 e
1047 2974 1224 3032 eorrispuudunu

164 3043 188 3088 ai
204 3042 262 3096 gulfi
277 3042 301 3088 di
317 3042 388 3088 Sidru
403 3057 416 3088 e
431 3043 456 3087 di
470 3041 556 3087 Khuba
570 3044 608 3087 nel
625 3043 814 3098 Mediterraneo‚
830 3043 895 3088 sulla
908 3047 978 3088 costa
988 3043 1134 3092 dell’Afriea
1147 3050 1225 3093 seden-

165 3114 276 3159 trionule.
293 3113 448 3169 Otiarpbdts,
463 3112 556 3158 vortice
572 3114 647 3159 molto
662 3117 763 3167 temuto,
777 3113 859 3159 vieino
878 3127 894 3158 a
912 3113 1037 3169 Messana,
1051 3117 1112 3171 oggi
1125 3115 1224 3163 Messinm

165 3186 203 3230 sul
217 3186 289 3231 Fano.
304 3185 361 3230 Sirti
376 3200 389 3230 e
405 3184 503 3230 Cariddi
519 3197 578 3229 seno
589 3197 645 3229 cose
656 3183 700 3238 piir
710 3183 796 3228 rimote
806 3184 848 3228 dal
858 3197 961 3230 comune
971 3185 1179 3243 nummisma
1188 3196 1226 3230 uun

164 3256 232 3301 siene
248 3257 370 3310 seuglioe
389 3255 514 3308 voragine.
532 3278 559 3285 -
577 3254 764 3301 Facilius...
783 3255 948 3309 seruntur.
968 3255 1018 3301 err.
1036 3257 1142 3314 Onnum,
1155 3256 1228 3313 Epist·

165 3328 200 3371 ad
215 3327 568 3381 Pts.,1au-181.-summa
583 3326 669 3379 tuus,
686 3325 702 3369 il
717 3324 830 3378 maggior
844 3326 938 3380 presio.
952 3349 978 3358 -
992 3341 1124 3375 aeneum
1135 3326 1227 3385 serint

164 3417 190 3433 =
201 3399 380 3443 rendalaeosa
390 3397 548 3442 sensibile-
559 3396 660 3441 omnia
674 3397 845 3450 turpitudo
860 3408 972 3442 earum
985 3409 1099 3444 rorum
1111 3419 1138 3437 =
1152 3406 1227 3445 omues

164 3481 206 3513 res
221 3473 321 3523 turpes,
335 3467 393 3521 ogni
408 3467 501 3512 obietto
516 3467 583 3512 luido
599 3481 612 3511 e
627 3479 706 3511 sezzo.

232 3566 302 3609 164.
317 3565 488 3619 Africani,
504 3564 522 3608 il
536 3564 644 3618 minore;
664 3577 687 3608 v.
700 3564 719 3618 I,
732 3565 779 3608 210.
793 3588 819 3595 -
836 3563 1026 3620 Glauciam,
1047 3567 1081 3623 II,
1093 3571 1141 3623 249,
1153 3569 1197 3613 263·
1208 3586 1228 3595 -

166 3637 271 3677 tamen
295 3638 342 3679 ost
366 3646 415 3678 eee.
441 3633 545 3686 Disponi
567 3635 635 3680 eost:
659 3638 748 3679 tumeu
768 3636 889 3689 contrario
909 3635 1099 3684 similitudinis
1113 3632 1228 3689 (l'ideudi

166 3706 255 3757 questa
270 3702 432 3755 simigtianza)
442 3707 480 3747 eat
495 3705 621 3757 deformis
635 3706 664 3750 iu
672 3709 784 3760 utroque
792 3705 906 3758 (nell'uno
921 3706 1069 3754 anell'altro
1084 3709 1229 3764 mammet·-

166 3772 350 3816 Tnmrnsrns
365 3783 609 3820 coursenrrorms
620 3764 1229 3835 =latempestadeltagozzovigtiudtroppom·

160 3854 286 3898 rugonure
300 3840 458 3895 l'ingordigia
471 3841 527 3888 d’un
537 3845 664 3897 ghiottone
676 3846 699 3890 al
710 3845 792 3890 furore
803 3846 876 3890 d’una
885 3850 1010 3901 tempesta
1020 3848 1066 3895 eho
1077 3854 1141 3896 tutte
1152 3846 1229 3902 inguim

157 3940 186 3949 —
200 3913 389 3974 inpunitus,
405 3911 451 3970 piir
465 3914 588 3973 nistretto,
606 3930 619 3962 e
634 3915 710 3972 perii:
726 3929 800 3961 niene
819 3915 965 3968 eupnessinu.
976 3939 1001 3948 -—
1021 3918 1180 3971 Quidnam
1192 3920 1228 3962 etc.
