2526 4246
140 105 190 160 186
504 123 538 161 n.
556 122 660 161 runnu
678 119 842 162 cronnoms

139 247 201 292 non
224 238 298 306 arte,
322 229 360 294 de
382 249 442 314 qua
465 229 539 314 quid
561 230 670 314 loquar
691 227 800 305 nescio,
820 227 874 292 sed
889 236 979 294 motu
994 247 1105 314 magno
1117 224 1194 292 animi

140 351 173 395 ac
195 330 308 409 dolore,
332 342 365 398 ut
394 330 597 397 discinderem
620 331 762 406 tunicam,
785 340 819 395 ut
841 329 998 396 cicatrices
1012 328 1194 397 ostenderent

62 448 112 503 196
140 432 215 498 Cum
239 434 269 499 C.
294 433 405 500 blarius
428 454 598 501 maerorem
621 433 766 499 orationis
789 452 876 498 meae
894 452 1044 518 praesens
1059 431 1194 498 accedens

140 537 273 602 multum
295 537 427 602 lacrimis
449 538 511 602 suis
534 537 692 602 adiuvaret
712 555 844 621 cumque
866 554 923 621 ego
939 535 1029 601 illum
1044 535 1143 601 crebm
1155 553 1194 618 ap

140 641 260 724 pellans
281 642 426 726 collegam
450 640 477 705 ei
501 661 588 705 snum
613 638 860 705 commendarem
886 648 981 724 atque
1003 639 1103 724 ipsum
1122 637 1193 702 adro

139 751 239 807 catum
261 742 299 807 ad
322 763 517 808 communem
551 742 769 828 imperatorum
803 741 961 806 fortunam
991 739 1193 807 defendendam

140 845 324 922 invocarem,
348 865 409 910 non
434 845 490 911 luit
513 847 587 911 haec
609 845 674 910 sine
697 845 772 910 meis
787 843 933 921 lacrimis,
950 864 1013 909 non
1029 844 1094 909 sinc
1107 842 1193 908 dolore

141 946 277 1032 {magno}
301 948 455 1013 miseratio
470 949 670 1034 omniumque
685 948 813 1014 deorum
827 956 859 1011 et
875 947 1040 1013 hominum
1055 957 1084 1012 et
1099 945 1193 1011 cirion

140 1059 170 1113 et
191 1049 340 1115 sociorum
363 1051 546 1136 imploratio.
577 1050 693 1135 Quibus
722 1049 865 1116 omnibus
887 1050 1002 1127 verbis,
1026 1065 1193 1134 quaeant

141 1161 205 1216 tum
228 1163 299 1217 sunt
322 1152 434 1229 babila,
458 1155 482 1218 si
506 1154 593 1219 dolor
615 1154 738 1219 aluisset
760 1172 855 1228 meua,
880 1172 943 1217 non
967 1152 1058 1218 modo
1078 1148 1194 1216 nonni·

140 1253 288 1331 serabilis,
312 1255 363 1320 sed
387 1257 478 1321 etiam
507 1257 661 1322 irridenda
692 1256 796 1321 luisset
824 1255 922 1320 oratio
952 1275 1030 1321 mea.
1054 1255 1145 1339 Quam
1162 1251 1194 1317 ob

141 1376 207 1421 rem
231 1356 287 1422 boc
309 1379 361 1423 vos
383 1358 483 1436 doceo,
507 1359 632 1445 Sulpici,
663 1359 760 1424 bonos
789 1377 843 1443 ego
865 1357 1011 1423 videlicet
1032 1368 1119 1444 atque
1137 1375 1194 1421 em·

64 1450 84 1483 ⁵
141 1458 221 1525 ditus
244 1461 396 1547 magister,
420 1473 451 1527 ut
475 1462 657 1527 indicendo
681 1461 776 1538 irasci,
800 1470 837 1525 nt
856 1460 972 1539 dolere,
997 1471 1031 1526 ut
1054 1462 1128 1526 llere
1143 1477 1195 1544 pos

65 1566 115 1618 197
142 1563 215 1627 sitis.
261 1562 453 1648 Quamquam
477 1564 652 1649 tequidem
676 1563 749 1648 quid
773 1563 829 1628 boc
850 1562 986 1640 doceam,
1010 1564 1062 1649 qui
1086 1564 1194 1628 inaccn·

141 1666 237 1732 sando
251 1668 345 1733 sodali
363 1668 405 1752 let
417 1669 589 1754 quaestore}
601 1689 670 1733 meo
683 1679 799 1733 tantum
811 1667 991 1732 incendium
1004 1689 1067 1734 non
1078 1667 1193 1734 oratione

141 1770 250 1844 solum,
274 1770 325 1834 sed
348 1771 439 1834 etiam
462 1771 676 1857 multomagis
700 1770 729 1835 vi
753 1779 783 1835 et
804 1769 910 1835 dolore
936 1781 966 1835 et
989 1770 1098 1836 ardore
1117 1761 1191 1835 animi

141 1871 315 1948 concitat-as,
332 1884 365 1936 ut
380 1893 434 1957 ego
456 1872 494 1937 ad
518 1873 548 1937 id
573 1871 822 1958 restinguendum
838 1871 890 1935 vix
910 1892 1041 1938 conarer
1058 1870 1191 1938 accedere?

97 1975 100 1982 '
142 1971 295 2037 llabueras
310 1975 394 2038 enim
411 1987 442 2040 tu
460 1976 563 2040 omnia
580 1976 611 2040 in
630 1996 717 2041 causa
732 1974 904 2059 superiora:
922 1975 998 2053 vim,
1016 1976 1121 2063 fugam,
1136 1967 1190 2056 lapi·

142 2073 305 2153 dationem,
329 2077 539 2143 crudelitatem
555 2078 749 2143 tribuniciam
765 2078 797 2141 in
813 2076 975 2161 Caepionis
990 2079 1076 2166 gravi
1093 2076 1189 2142 misera

142 2180 258 2264 bilique
280 2201 349 2245 casn
366 2181 397 2243 in
415 2180 560 2246 iudicium
577 2181 718 2258 vocabas;
735 2178 845 2245 deinde
860 2179 1036 2266 principem
1051 2192 1081 2248 et
1094 2186 1189 2246 senatos

141 2293 172 2347 et
194 2283 331 2359 civitatis,
356 2282 392 2346 ll.
418 2283 590 2359 Aemilium,
607 2283 708 2368 lapide
723 2302 900 2368 percussum
916 2302 983 2347 esse
999 2283 1155 2357 constabat;
1167 2271 1187 2337 ti

142 2453 433 2462 ———-

142 2546 199 2598 quel
214 2542 322 2598 secchio,
336 2544 426 2599 perone
442 2547 556 2591 obsoleta
571 2550 639 2591 veste
649 2547 779 2598 utebatur,
789 2546 872 2589 barba
881 2545 991 2591 intonsa
1001 2551 1026 2592 ct
1035 2544 1189 2603 capillutum

143 2616 151 2658 i
166 2616 208 2668 rei,
219 2617 254 2660 ad
264 2617 475 2661 nclscricordiam
490 2618 686 2672 aucupandam.
701 2641 726 2647 -
741 2620 773 2661 ut
789 2616 1017 2672 discinderem,
1031 2621 1100 2665 ut...
1115 2615 1189 2660 octor

143 2687 257 2730 derem.
279 2685 304 2729 Si
325 2687 376 2732 noti
398 2685 534 2732 l'osindeto.
556 2711 581 2718 -
605 2689 791 2733 turcicum...
815 2687 1006 2743 cicatrices,
1027 2689 1144 2734 sottinteso
1159 2672 1191 2723 ds·

142 2757 252 2809 Aqutttt.

209 2871 280 2914 loo.
298 2869 323 2914 Ο.
338 2871 507 2919 Murius...
526 2873 722 2927 oottcoom...
740 2884 881 2923 suum...,
895 2871 988 2926 perche
1003 2873 1081 2918 Mario
1095 2858 1191 2917 ebtorol

143 2941 199 2993 lego
213 2940 313 2994 Aquilio
332 2941 372 2985 nel
387 2944 411 2985 50
430 2955 474 2986 suo
495 2943 621 2988 consolato
641 2943 681 2986 del
703 2944 802 2986 ott-tot.
817 2965 842 2973 -
857 2943 970 2988 acdona
986 2956 1094 2989 acoenna
1106 2940 1148 2987 clla
1158 2940 1190 2977 ⁸¹¹⁸

143 3011 278 3066 qualitadi
293 3012 443 3067 advocatus,
457 3013 502 3058 che
517 3027 562 3058 con
578 3014 601 3058 lu
617 3027 661 3058 sua
675 3026 796 3067 presenzu
810 3012 910 3057 cintura
927 3013 1062 3063 l'aocusato
1082 2996 1191 3060 innanti⁸¹

142 3084 265 3129 tribunale
280 3083 313 3138 (ci
327 3084 436 3138 aderat).
450 3107 475 3114 —
490 3087 657 3137 fortunam
675 3105 702 3118 .-
721 3097 803 3128 cuusa.
823 3107 849 3114 -
869 3085 1075 3133 rniacrabilia
1093 3105 1117 3120 -
1129 3082 1190 3127 tim*

142 3169 258 3201 rnuovere
274 3170 288 3200 u
302 3155 480 3209 compassione.

195 3273 264 3315 19⁷.
282 3270 486 3326 Quamquam,
500 3283 550 3314 ece
561 3255 581 3313 ll
591 3270 615 3314 lu
626 3271 730 3314 formola
740 3270 806 3314 della
816 3270 967 3324 cor·rcctt‘o‚e
977 3273 1033 3316 vale
1043 3272 1092 3327 qui:
1100 3266 1193 3316 settene·

143 3357 157 3386 a
173 3343 210 3386 dir
223 3356 290 3396 vero,
306 3341 351 3386 ohe
366 3341 470 3394 bisogno
485 3341 516 3385 ho
531 3341 555 3386 io
570 3341 611 3395 qui
628 3341 706 3387 di...?
720 3365 746 3372 —
761 3342 838 3396 quid
850 3361 878 3375 =
892 3356 906 3385 u
921 3342 981 3396 qual
995 3342 1095 3390 llno...?
1108 3325 1125 3385 Ε
1138 3332 1193 3383 ut⁸²⁰

143 3427 197 3456 urv.
210 3436 236 3443 —
250 3414 437 3467 [quaestore]
451 3425 526 3465 mco,
537 3412 590 3456 ciob
607 3411 722 3457 Norbano
739 3412 784 3456 clue
800 3411 915 3465 Antonio,
930 3414 1077 3465 proconsole
1088 3413 1110 3458 in
1119 3400 1196 3454 cilicio

143 3496 222 3528 nuova
242 3487 316 3527 avuto
338 3496 383 3527 oon
408 3481 434 3526 ab
455 3495 523 3527 como
545 3486 669 3537 questore.
694 3482 742 3527 Cfr.
763 3487 787 3533 ἐξ
808 3485 846 3536 89,
868 3485 913 3527 199.
931 3507 958 3513 -
983 3485 1137 3530 omnia...
1157 3481 1193 3519 θ*

139 3554 271 3608 periero
298 3572 325 3585 ==
347 3552 402 3597 tutti
423 3552 430 3595 i
452 3553 577 3605 rantoggi.
597 3576 623 3583 -
644 3554 747 3599 vim...
761 3555 793 3597 tn
813 3553 972 3598 iudicium
994 3554 1134 3604 vocabas,
1151 3551 1194 3590 ero·

143 3623 206 3676 cavi,
226 3622 465 3676 rappresentandola
486 3624 510 3668 al
531 3624 601 3677 vivo,
622 3623 647 3667 in
668 3624 777 3676 giudizio
799 3626 824 3669 lo
843 3623 1006 3673 violenta...
1025 3650 1051 3657 -
1064 3610 1195 3670 MAamt'·
1237 3644 1239 3675 ς

144 3694 234 3746 liunt,
259 3693 289 3736 Μ.
309 3692 398 3737 Enrilio
422 3693 521 3747 Scauro,
541 3700 599 3739 noto
623 3693 800 3749 ne1591l163,
823 3694 922 3739 console
944 3696 984 3740 nel
1008 3696 1113 3750 otttttt
1134 3706 1145 3736 c
1163 3676 1195 3755 nl}
1237 3684 1239 3691 '

143 3765 241 3816 llll-107,
259 3776 338 3808 cvera
357 3762 468 3808 ricevuta
483 3778 532 3809 una
551 3769 648 3810 sassuta
669 3765 708 3809 uel
728 3765 833 3811 tumulto
855 3770 977 3811 avvenuto
998 3780 1044 3821 per
1066 3767 1163 3811 l'uocutt
1176 3749 1195 3794 θ’

135 3833 256 3881 Norbano
285 3838 373 3881 contro
401 3834 520 3892 Cepione.
539 3859 565 3867 -
587 3836 697 3892 lupide
717 3837 1003 3891 percantaverunt
1025 3850 1072 3883 oon
1093 3821 1197 3880 unau⁰¹⁸
