2526 4246
143 145 178 199 68
510 156 544 196 m.
564 157 669 197 33333
687 156 851 223 morannum

146 263 286 330 omnium
306 262 457 329 bonarum
480 263 592 328 artium
614 262 750 328 doctores
772 273 863 348 atque
877 263 1038 350 scriptores
1052 265 1174 352 legendi
1188 277 1216 331 et

145 364 359 454 pervolutandi
382 375 412 431 et
439 365 662 431 exercitationis
688 386 776 432 33333
802 365 956 444 laudandi,
984 365 1215 454 interpretandi,
1256 428 1259 451 2

145 468 325 556 corrigendi,
348 467 553 554 vituperandi,
577 467 754 547 refellendi;
778 467 1058 555 disputandumque
1080 471 1120 537 de
1134 472 1216 537 omni
1255 508 1259 559 =;

147 594 181 639 re
203 573 234 637 in
257 571 423 637 contrarias
444 580 546 657 partes
567 580 606 647 et,
630 569 778 656 quidquid
800 571 860 636 erit
882 571 914 636 in
937 592 1058 657 quaque
1077 594 1122 651 re,
1138 574 1216 660 quod
1257 564 1259 579 '

71 683 121 736 159
146 674 305 763 probabile
326 674 424 740 videri
450 673 554 759 possit,
576 672 758 738 eliciendum
781 683 872 759 atque
892 673 1072 753 dicendum;
1119 677 1218 763 perdi-

146 778 291 845 scendum
313 777 360 843 ius
374 775 472 854 civile,
488 774 710 862 cognoscendae
726 777 816 862 leges,
834 775 1030 862 percipienda
1052 779 1154 844 omnis
1169 801 1217 844 an-

101 878 105 883 ’
146 880 278 966 11331133,
305 879 456 944 senatoria
484 878 679 956 consuetudo,
709 877 869 963 disciplina
900 879 943 944 rei
973 878 1123 965 publicae,
1150 880 1214 949 iura

146 984 304 1061 sociorum,
330 981 458 1057 foedera,
481 981 644 1067 pactiones
667 1001 754 1046 causa
778 981 899 1067 imperii
926 983 1131 1069 cognoscenda
1155 996 1216 1061 est;

137 1086 287 1152 libandus
314 1094 358 1150 est
384 1085 476 1149 etiam
506 1105 543 1149 ex
573 1085 656 1149 omni
686 1104 799 1169 genere
827 1084 1009 1150 urbanitatis
1041 1086 1214 1154 facetiarum
1257 1132 1259 1139 -

145 1189 270 1276 quidam
292 1190 386 1274 lepos
409 1207 469 1274 quo
495 1197 650 1272 tamquam
676 1189 739 1252 sale
756 1197 973 1274 perspergatur
987 1189 1089 1254 omnis
1111 1191 1216 1256 oratio.

145 1292 244 1359 Effudi
270 1290 356 1359 vobis
384 1290 496 1366 omnia,
527 1311 604 1374 quae
633 1290 814 1368 sentiebam,
842 1310 920 1375 quae
947 1290 1087 1371 fortasse,
1115 1313 1218 1378 quem-

145 1413 275 1480 cumque
296 1402 414 1478 patrem
436 1392 567 1457 familias
581 1391 789 1478 adripuissetis
803 1412 841 1458 ex
856 1393 959 1479 aliquo
973 1393 1095 1474 3133313,
1110 1395 1217 1461 eadem

146 1497 232 1563 vobis
252 1495 501 1584 percontantibus
524 1494 736 1580 respondisset.

70 1605 119 1658 160
187 1600 333 1667 XXXV.
357 1598 434 1665 llaec
454 1618 524 1664 cum
547 1596 670 1663 Crassus
695 1597 829 1674 dixisset,
857 1598 1014 1665 silentium
1042 1611 1088 1665 331
1113 1620 1216 1667 conse

144 1714 256 1769 cutum.
281 1701 356 1777 Sed,
380 1720 564 1786 quamquam
588 1701 659 1764 satis
682 1700 735 1776 iis,
759 1699 810 1785 qui
834 1700 978 1776 aderant,
1002 1702 1041 1766 ad
1064 1702 1112 1779 id,
1137 1704 1217 1790 quod

145 1816 209 1871 erat
230 1804 431 1890 propositum,
454 1803 568 1868 dictum
591 1802 762 1879 videbatur,
781 1813 885 1868 131333
901 1804 1073 1870 sentiebant
1088 1807 1219 1873 celerius

145 1928 209 1975 esse
231 1908 338 1984 multo,
362 1925 454 1992 quam
478 1905 534 1991 ipsi
558 1908 683 1982 vellent,
707 1906 745 1971 ab
768 1926 803 1972 eo
825 1919 1013 1992 peroratum.
1037 1908 1115 1975 Tum
1133 1909 1216 1975 Scae·

145 2013 228 2075 vola:
252 2007 331 2092 Quid
354 2017 408 2085 est,
432 2006 536 2072 Cotta?
561 2007 669 2092 inquit,
686 2008 760 2094 quid
783 2008 904 2077 tacetis?
927 2007 1050 2075 Nihilne
1073 2010 1162 2077 vobis
1184 2013 1214 2077 in

67 2117 114 2171 161
144 2123 278 2180 mentem
291 2111 385 2187 venit,
394 2110 475 2196 quod
486 2119 644 2195 practerea
655 2111 693 2176 ab
705 2110 811 2177 Crasso
823 2111 1004 2196 requiratis?
1049 2111 1081 2178 ld
1094 2114 1216 2180 mober-

142 2219 219 2294 cule,
242 2214 352 2301 inquit,
375 2214 475 2301 ipsum
505 2213 637 2279 attendo.
661 2213 774 2279 'lautos
800 2214 884 2279 enim
913 2234 1018 2280 cursus
1049 2215 1214 2283 verborum

143 2320 200 2386 fuit
221 2331 250 2385 et
273 2319 313 2384 313
334 2318 467 2384 evolavit
488 2317 594 2393 oratio,
617 2325 651 2381 31
672 2316 738 2381 3133
760 2317 823 2381 vim
843 2326 873 2380 et
888 2315 1096 2383 incitationem
1111 2319 1217 2406 adspe

143 2423 251 2498 nerim,
275 2421 400 2508 vestigia
423 2421 654 2506 ingressumque
672 2419 724 2483 vin
739 2418 880 2495 viderim,
896 2429 925 2483 et
940 2429 1098 2506 tamquam
1113 2419 1146 2486 in
1163 2423 1216 2488 ali·

143 2545 233 2611 quam
257 2525 439 2609 locupletem
461 2543 494 2587 ao
517 2522 660 2587 refertam
682 2520 807 2586 domurn
824 2521 972 2600 venerim,
988 2541 1051 2587 non
1067 2524 1214 2609 explicata

142 2637 225 2693 veste
247 2646 347 2710 neque
368 2625 523 2710 proposito
545 2634 670 2709 argento
693 2643 792 2708 neque
814 2623 925 2690 tabulis
947 2633 977 2689 et
999 2625 1094 2712 signis
1108 2646 1214 2713 propa-

209 2818 279 2860 158.
295 2816 451 2859 bonarum
469 2813 593 2857 artium
606 2832 633 2845 -=
647 2811 712 2856 delle
727 2813 773 2857 3311
789 2812 860 2856 belle.
874 2835 901 2843 —
916 2814 1161 2870 pervolutandi,
1173 2814 1210 2858 dal

142 2884 324 2938 frequentativo
339 2882 362 2926 di
375 2883 506 2938 percolato,
522 2896 535 2926 a
551 2881 663 2925 dinotare
679 2881 695 2924 il
710 2882 834 2934 volgeree
848 2881 969 2934 rivolgore
985 2881 1175 2929 assiduamente.
1189 2906 1211 2915 -

137 2951 311 3007 probabile
331 2970 358 2983 =
379 2949 577 3007 dogapprovaro,
598 2962 611 2991 3
633 2947 704 3001 perb:
727 2948 816 2994 buono.
830 2947 897 2999 utile,
917 2947 1037 2993 lodevole.
1051 2973 1077 2981 -
1092 2951 1207 3005 qnod...

142 3021 172 3063 oi
177 3018 246 3062 deri
264 3017 377 3071 poenit.
392 3015 454 3060 Vedi
470 3015 590 3060 33133113
605 3015 691 3068 parole
707 3028 784 3069 quem
798 3015 903 3068 atridem
916 3016 1044 3070 probaret
1059 3016 1126 3069 (1315
1141 3018 1184 3061 129.

208 3111 278 3154 1159.
294 3108 475 3162 disciplina
497 3107 544 3151 rei
566 3107 756 3160 publicae·
778 3107 793 3149 il
817 3106 888 3151 modo
906 3105 981 3152 ond'd
996 3107 1174 3153 amministreto
1187 3106 1212 3151 13

141 3177 217 3223 State.
231 3199 257 3207 -
268 3176 414 3230 foedera,
436 3174 620 3228 pactionem·
634 3173 687 3217 3133
704 3173 709 3216 1
725 3172 820 3217 trattati
836 3173 930 3217 solenni
947 3173 985 3218 fra
1000 3173 1211 3229 83133813133

140 3244 163 3289 13
174 3241 339 3295 obbliganioni
351 3241 389 3285 fra
398 3253 503 3294 persone
518 3240 622 3294 private.
636 3263 660 3269 —
676 3252 776 3283 canoa
794 3239 927 3293 imperii
941 3259 969 3272 -‹
981 3239 1084 3292 ragione
1098 3240 1124 3286 di
1138 3240 1215 3285 Staio.

140 3333 167 3343 -
184 3309 385 3365 facetiarum
407 3306 513 3360 diponde
529 3305 560 3349 da
575 3306 653 3359 lepoa.
674 3329 700 3335 —
720 3305 840 3359 Essndi
853 3325 880 3338 =
898 3305 937 3349 Ηο
952 3319 1033 3350 messo
1048 3303 1214 3352 1333101311

139 3390 212 3420 verso
227 3376 251 3419 di
268 3375 361 3419 bonta:
376 3373 456 3417 Moeso
472 3373 521 3416 t'ho
537 3371 646 3421 innanzi:
660 3371 723 3416 omai
739 3385 784 3424 per
799 3374 822 3416 te
842 3371 860 3416 ti
880 3371 943 3416 cibo.
961 3393 988 3402 —
1007 3372 1219 3427 3133313313·

140 3457 227 3496 nanzo,
242 3440 354 3486 cronebio
369 3438 484 3484 d'uomini
501 3439 601 3483 raccolti
617 3453 632 3482 3
645 3437 750 3483 33331313.

181 3531 254 3583 cap.
272 3529 403 3571 XXXV.
412 3550 439 3559 -
453 3528 523 3572 130.
537 3529 726 3581 peroratam
739 3529 847 3580 -posto
858 3525 904 3569 fine
915 3526 938 3571 31
950 3526 1123 3579 3331313333.-
1134 3522 1218 3582 quid

141 3597 240 3641 133311
245 3595 276 3638 si
291 3615 318 3628 -
332 3593 423 3648 porche
437 3607 467 3636 vo
483 3607 512 3637 ne
527 3597 590 3637 stata
605 3592 748 3637 silenziosi?

207 3692 272 3735 1⁰1.
288 3691 349 3736 vim
370 3694 398 3734 31
422 3690 643 3735 incitationem
664 3688 838 3733 costituiscono
854 3687 961 3742 ondiodi,
977 3689 1084 3735 secondo
1105 3690 1121 3734 il
1139 3689 1222 3734 (11η.

140 3756 401 3802 031331331133331-
424 3756 561 3809 33311313
584 3754 906 3808 ingressumque-le
921 3753 1011 3808 podate
1033 3768 1046 3799 e
1066 3755 1073 3799 i
1097 3754 1220 3810 poesie

134 3825 305 3878 3333Ιί3313
328 3826 452 3867 33313-
467 3820 680 3876 3313331111131331
696 3820 704 3864 i
719 3820 815 3875 drappi.
837 3820 901 3865 Noto
919 3821 936 3864 il
952 3821 1078 3874 singolare
1092 3821 1153 3867 dove
1167 3812 1216 3865 noi

123 3887 223 3933 asinino
239 3889 259 3934 il
271 3890 380 3943 3133-
391 3889 568 3946 proposito
589 3890 721 3944 argento
734 3907 761 3921 -
775 3900 856 3932 messa
876 3886 901 3931 in
922 3887 987 3933 vista
1005 3886 1168 3942 l’argentoria
1182 3900 1217 3915 β
