2526 4246
139 160 189 212 174
505 173 539 211 m.
558 173 663 212 runnu
682 169 845 212 creutzerus

139 279 250 344 oratori
267 289 370 344 tamen
383 288 489 365 aptum
504 298 565 343 non
578 298 644 344 esse
656 278 795 343 fateatur.
818 275 896 342 Haec
907 276 995 342 enim
1005 264 1107 342 nostra
1115 273 1190 341 oratio

139 375 344 442 multitudinis
357 387 402 442 est
413 377 539 442 auribus
551 374 816 451 accommodanda,
825 373 863 439 ad
875 373 1074 441 oblectandos
1086 372 1190 446 animos

139 472 176 538 ad
199 472 411 558 impellendos,
435 473 472 538 ad
495 494 531 539 ea
552 471 726 558 probanda,
749 491 827 557 quae
849 490 913 536 non
936 470 1073 537 aurificis
1092 479 1190 544 suun,

64 591 113 645 160
139 571 191 636 sed
203 572 344 658 populari
357 572 489 657 quadam
501 572 617 637 trutina
629 569 854 636 examinantur.
901 568 1006 652 Quare
1018 568 1104 635 istam
1114 578 1191 634 artem

138 679 232 735 totam
265 670 464 748 dimittemus,
498 690 576 756 quae
609 669 641 733 in
675 667 880 755 excogitandis
914 667 1104 754 argumentis
1126 673 1190 731 muta

139 768 270 835 nimium
291 779 345 845 est,
369 768 400 832 in
425 767 594 834 iudicandis
616 767 749 834 nimium
775 767 896 851 loquax.
920 764 1091 832 Critolaum
1110 765 1191 838 istum,

139 884 230 948 quem
241 885 310 931 rum
324 864 460 952 Diogene
475 864 595 929 venisse
610 882 839 940 commemoras,
855 872 930 949 puto
945 865 1018 948 plus
1031 863 1192 929 lmicnostro
1232 872 1237 939 t

139 962 237 1027 studio
259 963 403 1048 prodesse
417 963 560 1048 potuisse.
585 961 654 1026 Erat
669 960 753 1026 enim
771 961 810 1026 ab
828 960 885 1025 isto
908 960 1080 1038 Aristotele,
1095 982 1111 1025 a
1127 958 1192 1025 cuius
1234 942 1237 999 ¹

140 1060 272 1125 inventis
297 1060 348 1124 tibi
370 1080 424 1147 ego
439 1059 546 1126 videor
561 1079 623 1125 non
639 1061 729 1146 longe
744 1059 897 1124 aberrare.
924 1059 1024 1145 Atque
1040 1059 1117 1125 iuter
1130 1058 1193 1123 lmm
1233 1044 1237 1075 ¹

140 1158 339 1234 Aristotelem,
362 1158 447 1223 cuius
470 1169 500 1223 et
523 1159 612 1224 illum
640 1157 698 1244 legi
721 1156 847 1234 librum,
871 1157 904 1221 in
927 1177 990 1242 quo
1013 1156 1146 1244 exposuit
1162 1144 1205 1218 dl·

139 1255 225 1320 cendi
249 1266 328 1321 artes
350 1256 489 1322 omnium
512 1255 717 1342 superiorum,
733 1265 764 1321 et
785 1255 863 1332 illos,
887 1254 920 1319 in
944 1255 1059 1341 quihus
1080 1256 1140 1340 ipse
1154 1270 1193 1317 sm

139 1355 288 1439 quaedam
311 1355 478 1420 decadem
500 1365 566 1419 arte
588 1354 675 1432 dixit,
703 1364 733 1419 et
761 1354 816 1418 hos
841 1372 1006 1439 germanos
1031 1354 1120 1420 huius
1138 1349 1194 1417 artis

139 1453 307 1540 magistros,
333 1455 387 1518 lroc
409 1453 485 1517 mihi
509 1453 609 1518 risum
632 1462 677 1518 est
693 1453 848 1529 interesse,
864 1451 946 1537 quod
962 1452 1017 1518 ille
1032 1453 1136 1518 eadem
1148 1446 1194 1514 acie

138 1552 259 1629 mentis,
283 1572 342 1637 qua
366 1571 469 1617 rerum
493 1551 632 1616 omnium
662 1551 724 1615 vim
755 1560 960 1635 naturamque
981 1550 1110 1628 viderat,
1139 1549 1194 1613 haec

139 1670 259 1735 quoque
271 1649 418 1735 adspexit,
435 1669 513 1734 quae
528 1649 566 1714 ad
581 1649 701 1714 dicendi
718 1658 825 1726 artem,
842 1667 935 1733 quam
951 1647 1007 1714 ille
1022 1646 1193 1734 despiciebat,

138 1747 347 1832 pertinebant:
372 1747 415 1811 illi
440 1758 552 1826 autem,
582 1747 633 1832 qui
662 1747 718 1812 hoc
740 1748 840 1812 solum
861 1746 1029 1812 colendum
1055 1746 1194 1815 ducebant

141 1845 318 1912 habitarunt
335 1846 367 1910 in
385 1846 517 1911 hacona
534 1846 649 1912 ratione
663 1845 827 1922 tractanda,
840 1864 902 1910 non
915 1844 1025 1911 eadem
1041 1841 1193 1932 prudentia,
1232 1908 1237 1945 .-

63 1973 110 2027 161
139 1963 198 2027 qua
222 1944 284 2025 ille,
308 1944 359 2009 sed
382 1965 439 2009 usu
462 1944 494 2008 in
515 1945 572 2010 lmc
589 1965 651 2010 uno
666 1964 778 2031 genere
793 1942 954 2029 studioque
976 1943 1103 2010 maiore.
1143 1940 1195 2007 Car·

141 2041 230 2106 neadi
252 2062 325 2107 vero
347 2043 393 2107 ris
417 2042 605 2108 incredibilis
628 2043 681 2107 illa
703 2042 823 2107 dicendi
851 2052 880 2107 et
910 2042 1045 2108 varietas
1066 2056 1195 2129 perquam

140 2151 218 2213 esset
239 2141 370 2226 optanda
393 2141 495 2220 nobis;
519 2141 571 2226 qui
595 2143 712 2207 nullam
736 2160 873 2226 unquam
895 2140 928 2203 in
951 2141 1014 2206 illis
1037 2142 1099 2208 suis
1116 2140 1196 2224 dispu-

139 2239 305 2306 talionibus
327 2259 393 2306 rem
416 2239 562 2316 defendit,
586 2259 678 2324 quam
706 2259 768 2304 non
794 2237 949 2324 probarit3
979 2242 1099 2305 nullam
1120 2255 1196 2325 oppu·
1232 2184 1237 2305 i

138 2339 252 2425 guerit,
274 2360 365 2425 quam
382 2360 443 2404 non
458 2339 613 2404 everterit.
630 2338 690 2403 Sed
706 2339 762 2403 hoc
776 2338 875 2403 maius
889 2346 935 2402 est
950 2338 1109 2423 quiddam,
1124 2351 1196 2424 quart
1233 2330 1237 2413 l

140 2437 178 2502 ab
202 2438 248 2516 iis,
272 2438 323 2523 qui
349 2438 423 2504 haec
444 2436 571 2502 tradunt
593 2447 623 2502 et
646 2436 763 2513 docent,
786 2434 1005 2523 postulandum
1028 2438 1076 2503 sit.

64 2562 113 2617 162
182 2536 356 2603 XXXIX.
381 2536 440 2623 Ego
463 2544 575 2611 autem,
599 2535 623 2600 si
647 2554 739 2620 quem
755 2554 838 2600 nunc
852 2533 962 2599 rudem
984 2537 1080 2620 plane
1102 2526 1196 2601 institui
1235 2562 1237 2567 ·

140 2634 365 2699 addicendum
395 2635 499 2712 velim,
534 2634 582 2698 his
610 2633 712 2719 potius
741 2632 860 2698 tradam
884 2632 1021 2698 adsiduis
1043 2655 1106 2700 uno
1126 2645 1199 2718 opere
1235 2652 1237 2657 ·

140 2730 268 2795 eandem
297 2730 438 2796 incudem
465 2730 548 2796 diem
576 2740 757 2815 noctemque
787 2728 1003 2808 tundentibus,
1033 2732 1085 2817 qui
1112 2744 1199 2797 onmes

139 2917 165 2923 -
187 2906 267 2947 puae
288 2905 348 2937 non
370 2892 528 2947 aurificis
549 2895 689 2943 statera,
713 2904 770 2945 ecc,
784 2891 828 2936 che
850 2904 897 2936 non
918 2890 1015 2937 derono
1030 2906 1113 2939 essere
1130 2892 1200 2948 perclo

140 2960 207 3004 dalle
229 2958 364 3004 bilancetla
385 2957 520 3009 (sensibile)
536 2958 671 3011 dell’orofo,
689 2957 743 3003 eiod
762 2971 811 3003 non
825 2957 961 3003 examinate
980 2959 1155 3006 minutumeute
1170 2951 1201 2999 dli

140 3027 209 3082 dotti,
224 3042 263 3073 mo
277 3030 365 3081 pesulo
380 3027 448 3072 della
463 3040 550 3081 grossa
571 3026 679 3072 biloucia
695 3031 817 3082 (trutina,
832 3041 898 3082 gree.
916 3025 1042 3095 τρυτάνη)
1057 3030 1096 3077 del
1118 3027 1202 3086 popolo.

138 3101 191 3149 otoo
202 3102 338 3148 examinate
353 3102 385 3147 du
399 3101 441 3147 lui.

205 3185 276 3228 loo.
291 3206 317 3213 -
340 3181 424 3227 Erat
433 3218 492 3229 .....
521 3184 557 3227 ab
581 3183 714 3228 isto.....
732 3202 758 3216 -
773 3182 822 3228 Ero
843 3182 922 3228 usoito
942 3183 1010 3231 dalla
1029 3188 1116 3234 souolo
1133 3186 1156 3232 di
1171 3195 1203 3229 ce

139 3252 246 3302 desto...
268 3279 294 3286 -
316 3255 453 3300 illum...
473 3254 599 3299 librum.
622 3237 642 3296 ld
662 3254 685 3297 ta
700 3258 802 3317 τεχνῶν
815 3250 961 3320 εἰσαγωγὴ,
976 3270 990 3301 o
1005 3258 1157 3313 esposizione
1170 3251 1203 3300 dei

138 3325 231 3371 alstemi
246 3325 364 3371 anteriori
379 3339 393 3370 u
408 3324 443 3370 lui
457 3325 649 3380 (superiorum).
664 3347 691 3355 -
705 3327 733 3368 el
747 3324 837 3379 illos,
859 3325 931 3370 clodi
945 3326 1034 3382 Topici
1050 3341 1063 3374 e
1079 3329 1089 3383 i
1102 3324 1208 3375 Rotorici.

138 3414 164 3421 -
178 3405 358 3447 pormanoe.
373 3391 470 3443 sinceri,
485 3391 607 3445 equindi:
621 3389 729 3443 genuini,
741 3391 866 3436 autentici.
876 3393 1072 3448 —deopict'ebat
1085 3417 1112 3431 -
1124 3407 1206 3441 curum

137 3470 208 3510 poco.
228 3482 255 3490 -
276 3459 486 3510 habitarunt,
499 3457 572 3512 quast
586 3458 728 3502 haeserunt
747 3476 775 3491 -
792 3457 817 3501 ri
831 3470 921 3512 ponere
936 3459 1026 3506 stabile
1041 3461 1143 3517 dimoru,
1160 3459 1206 3507 ciui

46 3555 50 3561 .
138 3538 185 3569 non
202 3527 226 3571 lu
241 3527 331 3572 finivun
347 3526 402 3571 mai.

143 3671 148 3681 υ
206 3606 272 3715 20²1.
288 3604 448 3659 defendit,
472 3609 593 3649 sostenno.
607 3602 794 3658 -tradunt,
809 3603 1100 3662 seil.scrlplie;doeent,
1110 3608 1209 3654 seiloro

139 3684 284 3715 mmom

179 3759 254 3813 cap.
269 3760 426 3806 XXXIX.
439 3783 464 3790 -
479 3760 549 3804 1⁰2.
560 3771 643 3804 mairac
661 3757 784 3802 rudem.
800 3758 879 3804 Nunc
894 3758 914 3804 si
929 3759 1043 3806 riferisce
1062 3777 1077 3807 a
1091 3764 1210 3811 rodomo

135 3842 207 3874 serre
217 3842 233 3874 a
243 3828 407 3875 determinare
422 3829 467 3874 ohe
478 3829 687 3885 presentamento
697 3827 757 3881 quel
772 3828 823 3873 tale
841 3828 854 3873 o
870 3829 955 3883 rudia,
973 3830 1073 3887 incolto‚
1088 3833 1212 3888 inceperto

122 3900 238 3949 neldire.
255 3926 283 3935 -
303 3902 399 3952 his...
419 3900 574 3950 adsiduis
593 3912 651 3946 -u
667 3909 704 3942 uu
716 3896 743 3942 di
752 3899 834 3953 uuum
845 3898 1001 3946 inluticubili.
1015 3924 1042 3933 -
1055 3903 1215 3961 incudem.
