2526 4246
108 129 160 182 962
477 146 508 186 n.
526 146 632 185 runnu
650 145 814 188 crouuoxrs

107 250 197 315 batur
219 251 323 316 habita
341 271 406 317 esse
428 252 461 317 in
483 251 624 318 contione
646 272 662 316 a
685 251 837 338 Philippo,
866 272 961 339 quem
983 250 1089 318 dixisse
1107 270 1160 317 oon·

106 352 204 417 stabat
232 353 436 420 «videndum
458 353 515 419 sibi
538 373 604 419 esse
629 353 712 420 aliud
741 354 918 433 consilium;
943 355 997 420 illo
1022 363 1119 420 senatu
1134 371 1161 417 se

114 484 127 511 ι
143 476 208 521 rem
224 456 378 541 publicam
392 477 498 544 gerere
513 476 575 521 non
587 476 688 541 posse:
702 485 715 513 »
733 475 826 522 mane
836 456 941 524 idibus
953 455 1163 544 Septembribus
1204 522 1208 545 1

106 568 137 623 et
151 559 204 623 ille
226 569 257 624 et
278 568 401 625 senatus
423 559 567 643 frequens
588 569 696 624 vocatu
711 558 803 624 Drusi
825 559 858 624 in
881 560 1000 626 curiam
1021 559 1108 625 venit.
1127 556 1161 621 lbi
1206 572 1208 577 ·

106 680 175 726 oum
197 660 314 727 Drusus
335 662 432 726 multa
455 660 493 725 de
515 658 657 745 Philippo
679 670 803 745 questus
825 672 915 739 esset,
938 662 1055 729 rettulit
1075 660 1109 726 ad
1126 679 1164 725 se·
1206 650 1208 661 '

107 774 213 829 natum
236 763 274 829 de
295 763 349 828 illo
372 763 447 849 ipso,
464 762 544 848 quod
560 762 591 827 in
607 783 679 828 eum
694 762 836 829 ordinem
850 766 958 830 consul
973 774 1036 830 tam
1049 763 1164 852 graviter

64 885 82 938 3
107 866 139 929 in
161 866 302 931 contione
324 875 402 932 esset
424 866 569 932 invectus.
615 864 677 943 llic,
700 875 733 932 ut
754 886 845 952 saepe
868 867 952 933 inter
974 867 1109 933 homines
1129 886 1164 930 sa·

106 968 312 1053 pientissimus
327 979 465 1034 constare
480 968 554 1045 vidi,
569 987 755 1053 quamquam
769 968 826 1034 hoc
840 967 959 1049 Crasso,
982 990 1052 1037 cum
1065 967 1163 1055 aliquid

107 1071 273 1136 accuratius
285 1071 419 1150 dixisset,
435 1090 557 1156 semper
575 1070 638 1136 lere
652 1071 833 1156 contigisset,
845 1082 881 1138 ut
895 1092 1057 1159 nunquam
1070 1072 1165 1138 dixisse

107 1174 218 1239 melius
239 1184 408 1259 putaretur,
424 1184 528 1240 tamen
544 1174 683 1240 omnium
697 1193 847 1240 consensu
862 1176 905 1242 sic
926 1197 994 1243 esse
1008 1176 1165 1247 iudicatum,

107 1287 221 1342 ceteros
243 1298 261 1342 a
283 1276 388 1343 Crasso
411 1298 532 1363 semper
553 1295 669 1353 omnes,
693 1277 746 1342 illo
768 1291 872 1343 autem
894 1278 946 1346 die
968 1280 1060 1346 etiam
1080 1280 1164 1365 ipsum

107 1401 124 1444 a
147 1401 179 1446 se
200 1390 387 1468 superatum.
411 1381 588 1466 Deploravit
609 1381 694 1446 enim
715 1400 818 1446 casum
839 1391 933 1467 atque
955 1383 1112 1448 orbitatem
1133 1399 1167 1445 se

107 1494 206 1562 natus,
229 1484 314 1550 cuius
343 1484 460 1549 ordinis
489 1505 507 1548 a
533 1485 666 1561 consule,
689 1483 740 1568 qui
765 1483 851 1569 quasi
875 1504 989 1570 parens
1012 1485 1106 1551 bonus
1124 1490 1166 1548 aut

107 1597 190 1653 tutor
211 1587 311 1652 tidelis
326 1607 392 1652 esse
407 1586 542 1662 deberet,
557 1595 714 1671 tamquam
729 1585 767 1651 ab
782 1585 887 1671 aliquo
899 1587 1018 1654 nefario
1028 1586 1167 1674 praedone

108 1689 294 1774 diriperetur
304 1690 525 1774 patrimonium
536 1688 707 1774 dignitatis;
724 1708 824 1773 neque
836 1708 911 1755 vero
922 1710 989 1757 esse
996 1689 1168 1763 mirandum,

108 1792 142 1868 si,
166 1811 235 1856 cum
267 1792 329 1856 suis
355 1792 488 1856 consiliis
518 1810 582 1856 rem
610 1790 764 1876 publicam
792 1790 996 1877 profligasset,
1022 1792 1166 1859 consilium

65 1902 81 1954 4
107 1903 230 1958 senatus
252 1914 268 1956 a
292 1894 468 1979 republica
496 1892 681 1979 repudiaret.
726 1892 779 1959 Hic
799 1913 870 1959 cum
894 1889 1014 1961 homini
1037 1906 1066 1961 et
1090 1893 1168 1960 velie

107 1996 203 2061 menti
226 2005 256 2060 et
277 1995 391 2061 diserto
413 2007 443 2062 et
466 1997 498 2061 in
520 1996 629 2082 primis
644 1996 713 2061 sorti
737 1995 775 2062 ad
797 1996 1014 2077 resistendum,
1030 1997 1168 2083 Phiiippo,

108 2099 192 2184 quasi
217 2098 364 2183 quasdam
386 2099 552 2165 verborum
574 2099 652 2164 iaces
674 2098 866 2177 admovisset,
890 2120 955 2189 non
980 2102 1051 2168 tulit
1077 2101 1126 2167 ille
1143 2106 1168 2163 et

107 2202 242 2288 graviter
262 2202 375 2269 exarsit
396 2201 636 2288 pignoribusque
657 2200 765 2267 ablatis
784 2201 926 2269 Crassum
949 2203 1081 2271 instituit
1100 2220 1167 2269 ooer·

108 2365 141 2408 in
162 2366 319 2419 contione,
340 2365 365 2409 in
386 2364 427 2408 un’
444 2364 583 2409 ussembleo
604 2364 644 2409 del
665 2364 765 2419 popolo.
785 2386 811 2395 -
833 2377 851 2409 a
871 2364 1043 2422 Philippo,
1062 2361 1164 2421 queldo}

109 2433 172 2480 libro
187 2435 206 2490 I,
219 2437 253 2480 24.
270 2459 297 2466 -
311 2435 483 2480 videndum
503 2435 570 2480 sibi
592 2447 660 2480 esse
681 2434 775 2480 aliud
796 2435 974 2482 consilium
991 2457 1019 2472 -
1036 2432 1165 2483 dovemids

84 2530 87 2535 ·
109 2506 143 2549 lui
157 2507 310 2560 provvedere
332 2507 381 2551 ullo
403 2506 472 2551 Stato
491 2519 537 2551 con
552 2521 584 2550 nn
600 2507 663 2552 altro
677 2505 806 2560 consigno,
823 2505 878 2551 ciod
892 2518 940 2553 oon
953 2521 988 2553 un
1002 2509 1066 2555 ultro
1079 2508 1166 2555 Sonatot

109 2589 122 2619 o
137 2576 217 2622 inl’etti
232 2576 331 2631 Filippo
347 2576 435 2621 volere
450 2581 561 2621 mutarne
576 2576 601 2621 la
615 2576 772 2622 formatione.
781 2575 831 2621 Che
844 2575 883 2622 cib
898 2576 1023 2631 signiflohi
1035 2577 1164 2625 eonsilium,

109 2645 129 2690 si
144 2647 244 2692 desumo
260 2647 299 2692 dol
316 2648 347 2692 de
362 2648 407 2702 leq.
419 2660 481 2701 aar,
495 2660 516 2691 c.
528 2649 562 2701 19,
571 2647 611 2692 del
622 2648 632 2699 l
645 2649 672 2692 63
682 2647 707 2691 di
717 2649 806 2701 questo
820 2646 891 2701 libro,
902 2661 920 2692 e
934 2648 1060 2695 dall‘altru
1073 2647 1164 2694 lotione:

109 2718 254 2762 concilium.
277 2742 302 2750 —
325 2719 386 2763 illo
406 2721 523 2763 serrato
545 2718 558 2762 e
577 2718 626 2763 abl.
647 2732 695 2763 ess.
716 2740 742 2750 -
760 2718 917 2774 frequens
940 2720 985 2775 qui
1001 2720 1072 2767 vele:
1094 2728 1163 2765 nume·

109 2801 175 2842 roso,
186 2787 212 2832 in
226 2802 287 2841 gran
302 2802 412 2833 numero.
426 2812 453 2818 -
471 2792 586 2833 vocator
606 2788 710 2833 Drusi
730 2787 837 2843 (tribuno
858 2787 926 2834 della
942 2790 1037 2847 plebe).
1055 2791 1162 2836 Potovuo

108 2871 244 2903 convocare
259 2862 362 2914 (copore,
374 2863 475 2907 vocare)
489 2858 506 2902 il
521 2858 619 2913 Sedato,
631 2873 681 2903 non
695 2858 748 2904 solo
762 2858 771 2903 i
784 2857 885 2915 tribuni,
897 2873 939 2905 ma
953 2860 1032 2907 anche
1046 2855 1163 2906 ileonolo

107 2928 125 2971 il
140 2933 239 2981 pretore
255 2942 267 2974 e
283 2929 290 2972 i
305 2928 445 2982 magistrati
459 2929 631 2974 stroordinarii
646 2929 691 2974 cbo
706 2929 830 2974 decessero
844 2929 867 2974 le
880 2929 937 2975 voci
952 2928 990 2975 de’
997 2928 1125 2977 consoli·
1136 2926 1162 2969 t't

108 3011 177 3042 cnm
199 3000 351 3053 ordinem,
360 2999 414 3044 eiob
428 3000 457 3043 in
471 2999 591 3044 ordinem
609 2999 779 3044 senatorium
788 2998 1041 3047 L’ordoeonotoriue
1051 2997 1162 3047 eraellort

108 3068 133 3112 in
157 3069 316 3123 opposicione
341 3070 470 3115 coll'ordo
491 3073 614 3124 equester.
636 3069 675 3114 Gli
695 3069 753 3114 altri
773 3068 887 3115 oittodini
909 3070 1074 3118 costituiveno
1092 3064 1163 3115 l’ordo

103 3139 398 3193 protosecretarius
413 3140 513 3184 ordinis
529 3140 568 3185 dol
583 3143 595 3193 ἕ
609 3144 735 3194 eeguento.

175 3221 202 3265 3.
217 3223 368 3265 portatore
382 3238 407 3255 =
422 3233 490 3264 esser
504 3219 612 3272 giudizio
622 3223 741 3266 costente.
755 3244 781 3251 —
796 3220 989 3267 accuratius
1007 3219 1161 3267 diaeieeot=

107 3287 209 3342 fossegli
225 3296 346 3335 arronuto
362 3290 386 3335 di
401 3290 501 3344 porlore
518 3303 565 3335 con
580 3290 685 3345 quelche
700 3290 827 3344 maggiore
841 3289 966 3344 impegno.
982 3313 1006 3323 -
1016 3302 1117 3337 casum
1128 3283 1159 3334 (tlt

107 3360 180 3410 cado)
196 3363 274 3413 arque
289 3362 435 3415 orbitatem,
449 3360 467 3404 il
482 3359 653 3406 decadimento
668 3360 708 3405 del
718 3360 809 3405 Senato
824 3372 837 3405 e
852 3360 1017 3407 l'ebbandono
1030 3361 1055 3407 in
1069 3359 1105 3406 cui
1117 3361 1161 3402 0⁸⁸⁰

108 3442 151 3472 oro
165 3429 277 3473 lescioto.
294 3453 320 3461 —
339 3444 464 3486 parens
484 3431 584 3477 boreos
606 3449 632 3467 =
652 3445 686 3475 un
707 3431 773 3476 buon
792 3431 877 3486 padre.
897 3455 925 3462 -
941 3428 1161 3487 patrimonium

108 3499 286 3553 dimittatis
301 3499 326 3549 (1.
340 3513 360 3545 e.
379 3504 497 3552 screatus)
517 3521 544 3535 -
566 3503 722 3556 dionitatem
737 3515 753 3547 o
770 3502 899 3557 patritus
920 3505 1061 3558 acceptam,
1079 3505 1162 3545 conser-

107 3573 166 3612 rnte
188 3568 228 3612 dni
243 3567 355 3614 Senatori
371 3584 383 3615 o
399 3570 477 3616 offero
491 3570 532 3615 dul
547 3571 660 3618 console.
674 3596 701 3603 -
715 3572 941 3628 prosliaaeaot
962 3590 988 3609 =
1003 3585 1078 3618 arere
1095 3572 1161 3614 messe

108 3650 123 3682 a
144 3651 329 3692 conquiesse·
344 3642 434 3686 consi
441 3641 450 3685 l
457 3642 558 3688 ione...
582 3642 777 3697 repudiaret
798 3659 825 3678 =
846 3655 960 3689 cercesse
974 3641 1000 3687 di
1018 3639 1130 3698 spoeliare
1141 3631 1162 3675 ¹⁸

109 3709 237 3762 republica
253 3710 329 3755 unche
345 3712 384 3756 ‹lel
400 3712 497 3757 Sennto.

175 3789 202 3833 4.
219 3802 323 3839 cruror...
350 3791 547 3837 admonisset
568 3810 594 3828 2:
615 3793 711 3838 orendo
725 3805 771 3838 con
792 3792 875 3846 quelle
889 3792 984 3848 parole,
1000 3790 1069 3848 quasi
1081 3799 1120 3833 rou
1131 3779 1161 3826 el·

94 3864 218 3911 tractante
232 3864 349 3923 siccome,
365 3866 521 3912 infiammnto
534 3863 635 3911 l'animo
651 3863 677 3909 di
692 3863 802 3917 bilique.
814 3885 839 3893 -
852 3864 1073 3916 ptouore'boo...
1087 3857 1106 3903 11
1117 3863 1160 3898 mo·
