2526 4246
286 136 329 175 nro
346 134 492 178 onaronu
509 137 570 176 nra.
587 137 636 188 111,
656 136 726 178 cnr.
745 137 817 186 L-m,
838 138 953 187 §193-198
1103 125 1153 179 351

66 240 113 309 iis
135 243 162 308 si
184 243 315 330 paulum
330 242 420 308 modo
441 242 592 309 offensum
608 253 709 319 estut
728 254 780 310 aut
802 246 1006 310 contractione
1029 245 1153 311 brevius

62 346 166 413 fieret
188 355 242 411 aut
262 345 462 431 productione
483 345 613 431 longius,
632 346 751 411 theatra
774 355 834 411 tota
858 348 1033 413 reclamant.
1061 347 1150 431 Quid,

65 446 134 516 hoc
155 468 219 514 non
242 447 326 513 idem
343 446 377 511 fit
399 447 431 512 in
447 447 579 525 vocibus
596 457 630 514 ut
652 469 669 513 a
692 447 890 514 multitudine
912 459 941 515 et
959 452 1073 536 populo
1089 470 1151 514 non

66 551 167 619 modo
189 560 330 616 catervae
351 560 443 636 atque
464 560 642 627 concentus,
666 551 718 617 sed
744 551 837 616 etiam
866 551 924 636 ipsi
955 551 1013 616 sibi
1040 552 1151 638 singuli

66 654 286 739 discrepantes
308 651 479 718 eiciantur?
497 654 499 658 ’

122 766 177 831 bl.
222 763 364 829 Mirabile
378 774 432 841 est,
450 783 520 829 cum
542 764 712 849 plurimum
728 764 760 828 in
778 763 913 830 faciendo
936 765 1058 830 intersit
1074 765 1154 832 inter
1181 766 1231 819 197

75 868 201 935 doctum
224 876 255 932 et
279 865 401 944 rudem,
424 886 516 952 quam
539 886 601 931 non
624 867 757 932 multum
779 865 901 932 diflerat
926 868 959 932 in
982 866 1151 934 iudicando.

75 972 133 1036 Ars
155 970 240 1036 enim
264 988 333 1035 cum
356 990 374 1034 a
396 979 504 1035 natura
526 969 659 1054 profecta
681 969 736 1046 sit,
760 969 819 1034 nisi
846 980 955 1036 natura
979 981 1099 1036 moveat
1120 992 1153 1037 ac

76 1074 217 1149 delectet,
242 1071 323 1136 nihil
344 1065 417 1137 sane
439 1071 535 1157 egisse
557 1071 706 1138 videatur.
730 1071 812 1136 Nihil
837 1083 882 1137 est
903 1084 1006 1139 autem
1028 1083 1091 1139 tam
1109 1094 1153 1140 co-

76 1187 207 1265 gnatum
229 1173 385 1240 mentibus
407 1175 518 1240 nostris
540 1194 633 1260 quam
655 1175 776 1240 numeri
800 1187 890 1260 atque
912 1197 1015 1256 voces;
1043 1178 1154 1262 quibus

76 1290 109 1346 et
130 1277 304 1345 excitamur
325 1286 355 1341 et
377 1275 570 1351 incendimur
585 1287 615 1342 et
629 1277 765 1343 lenimur
787 1287 816 1342 et
834 1278 1056 1364 languescimus
1071 1282 1154 1346 etad

78 1381 269 1449 bilaritatem
292 1389 323 1444 et
349 1379 387 1445 ad
415 1380 570 1445 tristitiam
600 1400 690 1465 saepe
716 1378 915 1458 deducimur;
943 1399 1074 1465 quorum
1101 1382 1153 1446 illa

76 1503 200 1551 summa
215 1483 264 1548 vis
285 1481 472 1548 carminibus
493 1493 539 1547 est
558 1483 657 1567 aptior
672 1492 702 1547 et
717 1482 864 1559 cantibus,
881 1501 944 1546 uon
960 1484 1104 1568 neglecta,
1121 1495 1154 1549 ut

79 1586 159 1654 mihi
181 1585 315 1661 ridetur,
339 1605 355 1649 a
378 1583 474 1650 Numa
497 1605 567 1670 rege
589 1584 760 1650 doctissimo
782 1584 1010 1670 maioribusque
1033 1585 1153 1664 nostris,

79 1700 114 1757 ut
135 1689 301 1776 epularum
324 1687 518 1753 sollemnium
542 1687 618 1752 fides
640 1708 674 1753 ac
695 1687 787 1752 tibiae
810 1687 1023 1773 Saliorumque
1048 1709 1155 1754 versus

79 1793 237 1871 indicant3
261 1790 396 1855 maxime
418 1800 520 1856 autem
543 1812 560 1856 a
582 1788 705 1855 Graecia
721 1800 825 1857 vetere
846 1790 1007 1856 celebrata.
1025 1790 1154 1877 [Quibus

80 1897 202 1962 utinam
223 1892 436 1978 similibusque
458 1893 496 1958 de
518 1892 609 1958 rebus
636 1893 782 1979 disputari
811 1915 903 1979 quam
925 1893 964 1960 de
986 1896 1155 1980 puerilibus

82 1998 130 2063 bis
144 1997 313 2064 verborum
328 1996 577 2061 translationibus
592 1995 806 2082 rnaluissetisll
837 1996 952 2062 Verum
967 2008 1000 2062 ut
1016 1999 1047 2062 in
1064 2020 1154 2064 versu
1183 2011 1232 2064 198

45 2158 50 2165 .
80 2102 201 2188 vulgus,
217 2099 242 2164 si
266 2108 312 2164 est
333 2108 498 2184 peccatum,
515 2097 608 2175 videt,
632 2098 682 2175 sic,
706 2099 729 2163 si
747 2098 821 2183 quid
843 2098 876 2163 in
899 2110 1002 2164 nostra
1018 2101 1154 2166 oratione

81 2406 175 2457 quanto
195 2415 246 2448 non
267 2400 364 2446 dovera
382 2413 464 2446 essere
484 2401 588 2454 squisito
607 2402 646 2445 ne'
662 2399 736 2445 Greci
753 2400 792 2445 dei
813 2400 857 2455 pili
878 2401 918 2445 bei
941 2402 1016 2455 tempi
1039 2401 1158 2454 dell'orte,

47 2478 50 2483 '
83 2473 225 2520 allorohdlo
232 2472 329 2517 musica
336 2471 490 2517 contribuiva
497 2476 565 2517 tanto
575 2471 766 2517 oll’educozione
777 2471 802 2516 di
812 2472 869 2525 ogni
877 2471 1014 2516 cittadino?
1024 2473 1155 2527 —fa'eret

82 2544 115 2591 lio
127 2559 174 2600 per
184 2557 255 2598 σοις.
267 2543 372 2598 aliquid
386 2543 523 2595 sottinteso,
532 2543 577 2588 ohe
592 2542 714 2589 tradurrai
726 2556 784 2587 oon:
793 2556 842 2588 une
857 2543 953 2589 sillobo.
963 2566 990 2574 -
999 2556 1061 2589 noc
1076 2544 1157 2587 idem

84 2628 203 2662 :nome
216 2616 331 2659 idom—
345 2617 494 2659 catervae
509 2618 605 2669 atque
620 2617 791 2659 concentus
802 2614 1159 2664 :lefollodeicentoritcom

82 2690 182 2742 contus,
196 2688 298 2732 canunt
314 2690 383 2736 eccm)
395 2686 435 2729 nel
452 2698 517 2730 coro,
531 2685 596 2731 Noto
610 2685 735 2730 l‘endiadi.
751 2709 776 2717 -
791 2686 857 2742 ipsi
872 2688 935 2732 sibi
951 2686 1076 2743 singoli
1098 2686 1177 2741 dio,

83 2761 297 2814 crepantes:
312 2769 344 2800 un
359 2756 455 2809 singolo
470 2760 569 2801 cantore
585 2756 630 2801 che
646 2755 754 2803 discordi
769 2756 838 2812 dagli
853 2757 918 2805 altri.

122 2882 197 2935 Gap.
206 2879 511 2926 111.-107.ntntt...
525 2879 917 2933 coisse,nonriusoireanissun
926 2882 1018 2927 effotto.
1027 2883 1075 2927 (¹fr.
1084 2881 1160 2926 Nihil

82 2951 243 3008 windam!
257 2949 497 3004 Tuae.diap.‚11‚2n,
506 2953 573 2994 61.-
588 2954 655 2996 eat„
673 2955 737 2996 tam
752 2965 784 2996 co
791 2955 924 3007 anatum
934 2971 960 2988 π
970 2951 1002 2997 ha
1011 2954 1062 2997 oosl
1073 2956 1159 2996 stretto

45 3026 47 3067 ἶ
85 3024 215 3070 αῆίιιθηιι
239 3045 265 3052 -
286 3022 413 3066 numeri
436 3025 527 3076 atque
550 3034 645 3074 voces,
668 3023 692 3067 la
714 3022 815 3067 musico.
840 3044 866 3052 -
890 3024 1092 3067 carminibus
1114 3027 1160 3066 est

45 3086 49 3137 '.
81 3095 195 3150 optior
209 3110 236 3129 =
250 3091 366 3137 ritrovasi
381 3092 557 3146 speciclmeute
572 3094 685 3137 ne’versi
696 3107 708 3138 e
720 3092 740 3137 si
755 3096 824 3136 sente
839 3091 863 3135 di
878 3091 928 3146 pili.
943 3115 969 3122 -
989 3092 1161 3146 epularum

80 3163 293 3211 sollemnium
313 3164 400 3217 siclae
423 3176 459 3207 ao
480 3164 581 3208 tibiae
602 3180 629 3198 =
647 3164 672 3207 lu
691 3164 738 3208 lira
760 3176 772 3206 o
794 3163 811 3206 il
830 3161 907 3207 flouto
929 3162 995 3207 usati
1016 3163 1056 3207 nei
1076 3163 1161 3215 pranzi

45 3250 48 3257 ’
80 3235 178 3282 solenni
194 3234 221 3279 in
240 3246 317 3279 onore
339 3233 405 3287 degli
425 3234 478 3287 Dei,
497 3248 511 3279 o
532 3233 556 3278 di
577 3232 759 3285 ambasciatori,
778 3246 792 3278 o
811 3244 856 3285 per
876 3234 939 3278 altro
959 3232 1076 3282 publilico
1093 3233 1162 3277 l'atto.

84 3306 232 3353 Veramente
252 3304 292 3349 nei
311 3304 437 3350 banchetti
461 3305 525 3350 sacri
545 3317 559 3349 o
579 3303 634 3349 fatti
654 3304 686 3349 da
707 3302 797 3357 collegi
817 3301 967 3348 sacerdotali
989 3304 1091 3359 (epulae
1111 3305 1163 3348 sol-

80 3377 191 3428 denmoa)
200 3375 223 3421 si
237 3388 331 3421 sonoro
344 3375 369 3420 lc
384 3375 430 3420 lira
444 3376 468 3420 di
483 3375 631 3431 preference
645 3375 689 3420 che
705 3376 721 3420 il
736 3375 820 3418 flauto.
835 3372 855 3416 Il
869 3374 945 3420 fluuto
961 3387 1163 3428 accompagnaro

83 3449 204 3503 piuttosto
229 3446 238 3490 i
260 3447 383 3491 carmina
403 3447 564 3500 convivalia,
581 3446 619 3490 do'
637 3445 763 3491 banchetti
780 3443 881 3499 privati.
900 3469 926 3477 —
951 3443 1159 3493 Saliorum...

81 3532 205 3574 corcus,
219 3516 286 3562 versi
298 3517 337 3563 dei
348 3517 414 3569 Salii.
424 3517 547 3562 sacerdoti
559 3518 583 3562 di
594 3518 680 3571 Morte.
690 3517 786 3563 custodi
796 3515 864 3567 degli
876 3515 986 3569 ancilia,
995 3516 1076 3561 dodici
1087 3518 1164 3572 scudi‚

84 3603 132 3636 uno
152 3590 192 3635 de’
202 3588 271 3644 quali
288 3588 398 3633 dicerosi
412 3589 514 3644 piovuto
531 3588 570 3632 dol
593 3588 663 3634 cielo.
678 3588 763 3642 Questi
778 3586 852 3638 versi,
867 3587 929 3633 detti
945 3588 1022 3633 anche
1041 3591 1164 3635 carticina

78 3661 201 3707 saliaria
216 3673 231 3705 ο
248 3663 399 3713 atramenta,
413 3673 472 3705 eran
490 3659 582 3703 contacti
598 3659 638 3704 dai
656 3658 780 3705 sacerdoti
798 3655 927 3704 donzendo
943 3659 1087 3710 (salientes)
1101 3675 1114 3705 e
1129 3661 1165 3706 in-

83 3734 154 3778 torno
168 3730 292 3777 ell'altare
302 3730 326 3775 di
342 3730 420 3775 Morte
435 3745 448 3775 o
462 3744 508 3785 per
522 3730 547 3774 la
557 3729 617 3775 citro
626 3731 666 3775 nei
681 3734 780 3786 quattro
790 3726 871 3780 giomi
886 3731 952 3776 delle
967 3731 1030 3776 feste
1041 3730 1065 3775 di
1076 3746 1166 3777 marzo.

83 3800 118 3849 llo
133 3801 250 3849 abbiamo
265 3801 291 3846 in
301 3801 413 3847 Varrone
428 3807 465 3846 tre
476 3801 625 3846 frammenti.
638 3801 723 3855 Quosti
739 3797 806 3845 conti
816 3811 892 3846 erano
903 3802 927 3847 ol
937 3804 1021 3856 tempo
1032 3802 1057 3846 di
1067 3802 1164 3848 Oanzro

78 3872 178 3930 (Epor.
191 3872 225 3927 11,
239 3875 258 3925 1,
272 3872 307 3923 86)
323 3871 432 3918 divenuti
447 3871 628 3927 inintelligibili
642 3886 656 3920 e
670 3871 758 3930 peroio
773 3871 946 3918 oommentot'x.
