2526 4246
233 142 277 181 nu
294 141 441 184 ouuronn
458 143 520 183 us.
540 143 576 195 11,
595 138 665 184 cur.
684 143 817 192 unx-xx,
838 144 927 194 eecce
1068 132 1118 185 147

45 248 178 332 aliquam
201 256 325 333 partem
346 258 377 314 et
398 268 544 334 superare
565 249 749 315 mendosum
771 259 828 328 est;
861 259 926 315 tum
955 250 1119 316 verborum

46 345 184 410 omnium
208 344 414 424 definitiones,
437 345 470 412 in
486 347 597 432 quibus
612 367 712 432 neque
732 347 836 413 abesse
851 348 1017 432 quidquam
1035 348 1119 414 decet

48 463 144 528 neque
168 443 355 510 redundare.

87 537 166 603 XX.
192 537 255 602 Sed
278 537 335 603 hoc
355 538 379 602 si
403 538 435 602 in
458 537 525 604 iure
547 538 640 615 civili,
660 539 684 602 si
701 539 794 604 etiam
817 539 849 602 in
872 540 976 624 parvis
992 551 1044 606 aut
1059 561 1120 606 me·
1148 556 1181 610 84

49 634 199 701 diocribus
225 635 316 701 rebus
342 635 490 702 doctiores
516 636 641 721 adsequi
673 647 809 722 possunt,
833 656 895 702 non
920 637 1000 703 idem
1025 639 1121 704 sentio

51 743 129 798 tanta
153 734 212 798 hac
235 734 268 798 in
291 755 324 799 re
346 744 470 819 tamque
488 734 638 800 immensa
662 755 750 820 posse
776 735 851 801 lieri.
876 735 929 800 Sin
953 722 1055 803 autem
1071 737 1122 821 qui

51 831 249 908 arbitrantur,
273 832 441 898 deducendi
461 843 532 899 sunt
553 833 591 898 ad
614 853 674 910 eos,
699 833 751 917 qui
776 833 850 898 baec
871 833 997 912 docent;
1021 835 1123 899 omnia

52 928 108 992 iam
131 929 283 1015 explicata
306 939 336 995 et
357 931 508 1016 perpolita
535 930 758 1015 adsequentur;
783 941 853 996 sunt
876 932 960 997 enim
986 932 1124 997 innume-

52 1027 160 1092 rabiles
189 1027 229 1092 de
258 1027 305 1091 bis
332 1028 423 1094 rebus
450 1028 521 1093 libri
544 1048 645 1113 neque
667 1027 760 1092 abditi
787 1049 886 1113 neque
908 1029 1037 1096 obscuri.
1066 1030 1124 1096 Sed

52 1125 176 1190 rideant
195 1124 271 1209 quid
286 1127 395 1190 velint:
420 1126 457 1191 ad
481 1127 692 1192 ludendumne
707 1147 746 1190 au
762 1126 800 1190 ad
822 1128 1024 1213 pugnandum
1041 1150 1124 1194 arma

51 1223 109 1287 siut
131 1224 297 1308 sumpturi.
322 1224 410 1290 Aliud
434 1225 518 1290 enim
541 1245 643 1310 pugna
667 1234 697 1289 et
720 1225 807 1301 acies
831 1225 915 1290 aliud
939 1227 1029 1292 ludus
1051 1248 1127 1292 cam-

51 1342 168 1406 pusque
193 1332 298 1386 noster
319 1322 480 1388 desiderat.
501 1323 540 1388 dc
555 1333 658 1388 tamen
682 1343 731 1386 ars
754 1323 818 1407 ipsa
838 1324 953 1389 ludicra
970 1346 1126 1390 armorum

51 1431 79 1484 et
101 1418 265 1506 gladiatori
295 1430 324 1485 et
350 1421 441 1484 militi
470 1420 594 1506 prodest
621 1420 754 1505 aliquid;
785 1420 837 1485 sed
865 1422 985 1487 animus
1008 1443 1076 1487 acer
1098 1434 1128 1489 et

52 1538 201 1602 praesens
224 1527 254 1582 et
276 1530 379 1584 acutus
402 1518 483 1584 idem
507 1528 597 1604 atque
621 1529 762 1584 versutus
784 1519 912 1583 invictos
936 1520 1018 1584 viros
1036 1520 1128 1584 efficit

55 1616 130 1699 lnou
155 1616 311 1681 difficilius
332 1626 398 1682 arte
420 1617 600 1696 coniunctat.

96 1710 200 1793 Quare
222 1730 276 1795 ego
298 1710 353 1775 tibi
377 1721 529 1776 oratorem
552 1710 677 1776 siclam
702 1710 867 1788 instituam,
892 1711 916 1775 si
940 1721 1078 1796 potuero,
1094 1723 1127 1776 ut
1155 1726 1189 1778 85

55 1809 128 1892 quid
152 1807 274 1873 efficere
300 1808 394 1893 possit
416 1819 486 1874 ante
513 1807 705 1894 perspiciam.
734 1808 779 1872 Sit
806 1809 889 1874 enim
917 1809 994 1873 milri
1018 1809 1128 1875 tinctus

56 1907 184 1984 litteris;
209 1905 340 1971 audierit
361 1907 486 1992 aliquid,
503 1908 619 1992 legerit,
636 1906 692 1969 ista
708 1907 772 1990 ipsa
788 1917 949 1992 praecepta
966 1909 1125 1993 acceperit:

58 2003 214 2089 temptabo
236 2003 310 2088 quid
332 2004 444 2082 deceat,
468 2004 541 2089 quid
565 2024 646 2080 voce,
671 2003 744 2089 quid
768 2004 894 2082 viribus,
911 2006 984 2090 quid
1007 2007 1126 2092 spiritu,

57 2103 130 2189 quid
154 2104 258 2190 lingua
280 2103 400 2169 efficere
426 2105 529 2190 possit.
558 2104 588 2169 Si
614 2104 788 2189 intellegam
810 2126 898 2190 posse
928 2105 965 2168 ad
994 2124 1128 2169 summos

58 2201 232 2284 pervenire,
256 2220 318 2265 non
341 2202 440 2266 solum
464 2200 618 2278 hortabor,
636 2210 668 2265 ut
686 2200 830 2276 elaboret,
847 2200 899 2265 sed
923 2201 1024 2275 etiam,
1042 2201 1064 2263 si
1084 2201 1130 2265 vir

59 2319 181 2383 quoque
210 2298 307 2363 bonus
333 2298 410 2387 mibi
435 2298 589 2363 videbitur
611 2318 691 2375 esse,
721 2299 893 2363 obsecrabo.
923 2297 1052 2363 Tantum
1077 2319 1132 2384 ego

60 2396 90 2459 in
113 2397 283 2461 excellente
304 2406 425 2461 oratore
440 2406 469 2461 et
485 2395 592 2461 eodem
607 2396 687 2460 bono
703 2396 768 2460 viro
785 2417 865 2480 pono
880 2416 945 2461 esse
957 2396 1129 2460 ornamenti

62 2495 223 2559 universae
247 2494 371 2559 civitati.
395 2494 450 2559 Sin
474 2494 635 2587 videbitur,
659 2514 727 2559 cum
748 2495 850 2558 omnia
877 2513 996 2560 summa
1019 2493 1132 2571 lecerit,

102 2659 176 2710 cap.
192 2659 265 2702 XX.
281 2681 307 2689 —
322 2658 374 2702 84.
391 2658 561 2707 doctiores,
576 2670 683 2709 coiupar.
694 2657 811 2700 celsenso
823 2657 846 2699 di
857 2656 1018 2710 superlativo.
1034 2681 1059 2687 —
1074 2656 1095 2700 S
1100 2658 1108 2700 l
1118 2671 1134 2702 η

65 2729 169 2768 aretem
191 2725 280 2778 qui...
306 2723 384 2769 Notisi
400 2724 445 2768 cho
462 2724 603 2768 sirtautcm
614 2724 682 2768 vole:
700 2738 726 2767 se
744 2722 792 2777 poi,
810 2738 836 2767 se
851 2737 896 2776 per
913 2725 1047 2779 contrari03
1062 2737 1074 2766 e
1090 2725 1136 2778 qui

67 2789 134 2844 'cper
144 2791 234 2844 aliqui.
247 2814 274 2821 —
289 2791 328 2834 ad
352 2790 580 2844 ludendum...,
596 2789 678 2833 metus.
696 2803 752 2843 por:
772 2790 911 2834 coercitursi
927 2790 1095 2834 declamando.
1109 2814 1136 2821 —

68 2859 104 2900 ad
121 2857 349 2911 buamundum
364 2855 446 2901 metas.
455 2869 512 2909 per:
523 2860 612 2900 trottur
627 2869 684 2899 vere
700 2868 773 2900 cause
788 2857 828 2899 nel
848 2856 909 2900 t'oro.
921 2881 947 2887 -
961 2870 1105 2910 concepus.
1115 2892 1132 2902 ..

68 2932 121 2967 sott.
135 2922 258 2976 Martius,
272 2923 334 2967 dore
350 2923 358 2966 i
376 2922 479 2967 Romani
497 2922 613 2967 solevono
632 2922 772 2966 caercitursi
790 2923 840 2966 allo
850 2936 929 2975 corsa,
939 2923 989 2966 ullu
1004 2923 1072 2974 lottu,
1087 2921 1136 2965 ullu

70 2989 125 3040 pila.
139 3013 164 3019 -
178 2989 309 3034 ludicra
323 3009 351 3022 ==
368 2989 428 3033 finta
449 2988 490 3038 (da
512 2989 607 3039 luders).
622 3011 648 3018 —
670 2989 800 3042 aliquid
813 3009 840 3021 =·
858 3002 904 3041 per
925 2989 996 3032 alcun
1012 3001 1091 3039 verso,
1113 2988 1137 3031 in

70 3053 170 3105 qualche
194 3054 274 3098 modo.
301 3039 321 3098 b
342 3068 375 3098 un
403 3053 545 3097 accusativo
569 3053 705 3106 adoperuto
730 3053 946 3097 uvrerbiulmente.
969 3076 994 3083 -
1010 3054 1137 3096 anicitus

72 3132 139 3164 acer
148 3156 152 3164 .
161 3156 179 3166 ..
191 3121 307 3175 efficit.
323 3120 495 3164 L'Harnecker
505 3124 553 3172 top.
563 3120 609 3172 cit,
619 3134 676 3173 pag.
686 3123 706 3168 5)
718 3119 828 3173 suspectu
839 3120 883 3163 clm
896 3124 983 3172 queste
994 3119 1079 3172 parole
1090 3119 1139 3162 t‘os-

73 3198 122 3229 sero
137 3187 152 3230 il
168 3186 264 3232 ricordo
285 3187 341 3231 d'un
359 3200 431 3231 verso
447 3186 471 3229 di
486 3186 591 3239 qualche
613 3187 695 3230 antico
716 3194 799 3239 poeta,
819 3186 884 3230 forse
900 3185 925 3229 di
943 3185 1028 3236 Ennio,
1043 3184 1082 3228 nei
1097 3185 1136 3228 cui

75 3252 185 3297 Annales
200 3256 230 3305 (v.
241 3255 288 3303 193)
300 3253 408 3298 ricor'ron
423 3253 446 3295 lc
460 3253 546 3306 parole
560 3253 651 3296 inuicti
664 3254 722 3297 oiri.
734 3253 820 3306 Quelle
831 3253 917 3304 parole
928 3251 1010 3295 infatti
1022 3250 1139 3304 formano,

75 3328 114 3361 con
127 3319 198 3371 pochi
216 3320 359 3364 mutumenti
370 3334 382 3364 e
393 3319 570 3373 suppressioni‚
586 3333 619 3363 un
629 3332 700 3363 verso
712 3319 834 3364 ottonario
846 3318 963 3372 trocuico,
975 3317 1019 3362 che
1035 3317 1140 3363 sarcbbe

76 3394 118 3426 uno
132 3385 155 3428 di
170 3386 251 3439 questi
266 3386 326 3430 due:
345 3385 460 3430 Animus
482 3399 542 3429 acer
555 3387 625 3430 idem
640 3389 735 3430 acutus
749 3386 857 3429 titulatos
874 3386 944 3429 ciros
954 3385 1030 3439 facit,
1046 3398 1140 3438 oppure

77 3448 136 3495 Acer
150 3453 255 3496 animus
270 3455 348 3506 atqua
362 3456 456 3496 acutus
470 3453 578 3509 infore-tos
597 3453 667 3496 viros
681 3453 754 3505 fucit.
770 3476 796 3482 —
817 3455 968 3496 versutus
983 3472 1010 3484 ==
1024 3451 1142 3496 scelti-ito.

138 3533 188 3577 85.
204 3536 407 3578 oratorem...
421 3534 598 3577 irretituam
614 3555 640 3567 =
651 3531 710 3575 derb
726 3532 799 3575 l'ideu
813 3531 838 3575 di
857 3545 889 3574 un
904 3536 1009 3576 oratoru.
1023 3555 1049 3562 -
1063 3532 1144 3574 mibi

80 3591 153 3641 edat.
167 3600 278 3647 ethicum·
298 3598 394 3643 tinctus
410 3599 505 3643 titteris
522 3598 534 3643 b
550 3598 588 3642 chi
610 3598 642 3642 he
664 3599 868 3642 uu'int'urinatura
882 3598 906 3642 di
922 3598 1058 3650 cognicioni
1073 3598 1144 3642 lotte-

83 3662 177 3706 raria—
187 3665 349 3720 temptabo
371 3666 447 3718 quid
469 3666 577 3709 deceat
593 3667 658 3716 (solt.
668 3669 736 3712 euru)
746 3684 772 3697 ε·
787 3661 914 3708 osserverb
930 3664 988 3717 qual
998 3664 1077 3715 figura
1087 3663 1144 3707 sard

83 3735 119 3774 ber
132 3727 181 3774 fure
195 3731 220 3775 iu
233 3731 360 3785 pubblico.
376 3755 402 3761 -
416 3732 501 3777 uir...
520 3733 634 3783 bonno,
649 3731 755 3775 secondo
771 3730 787 3773 il
802 3729 881 3783 Sorof,
899 3730 981 3774 indica
997 3744 1044 3774 nou
1059 3731 1111 3773 solo
1127 3729 1143 3772 il

85 3795 180 3840 nutriata
189 3810 202 3842 e
212 3798 229 3842 il
239 3796 322 3842 nobile
332 3796 372 3842 nel
383 3810 454 3842 senso
462 3798 621 3851 politico,1nu
629 3797 706 3841 unche
718 3797 806 3841 l'uomo
817 3796 913 3840 valente
925 3809 937 3840 e
948 3795 973 3839 di
984 3808 1066 3847 onore,
1076 3808 1144 3838 come

85 3854 106 3901 in
121 3860 190 3907 Tunc.
204 3865 278 3919 disp,
290 3864 320 3918 V,
335 3865 367 3917 10,
380 3866 413 3908 28.
427 3887 452 3894 -
463 3877 564 3920 porto;
586 3863 657 3910 altri:
679 3868 751 3922 poro.
765 3887 791 3896 —
813 3877 884 3909 curu
905 3863 1012 3908 omniu
1032 3870 1163 3903 summo.
