2526 4246
147 156 199 211 33)
518 172 550 212 n.
568 172 676 213 uuum
693 170 857 215 cronnoms

148 276 272 363 aliquod
294 278 424 345 verbum
447 277 635 363 dignitatem.
656 276 760 363 Neque
774 277 860 343 enim
874 277 956 344 illud
971 277 1101 365 legerim
1115 277 1207 353 dicere,

149 392 182 445 ut
204 378 339 447 Caelius:
364 381 438 464 Qua
460 390 682 466 tempestate
705 379 845 447 Poenus
868 380 906 445 in
929 380 1077 447 ltaliam
1103 380 1207 455 venit,

149 502 204 547 nec
224 484 365 568 prolem
387 494 439 549 aut
460 482 626 549 subolem
649 481 830 549 antestari
853 493 907 549 aut
929 502 1140 569 nuncupare
1158 493 1208 559 aut,

150 596 183 649 ut
214 596 245 651 tu
275 588 363 663 soles,
394 586 508 664 Catule,
539 605 611 650 non
647 586 756 651 rebar
785 594 838 651 aut
866 585 1066 671 opinabar;
1094 594 1143 650 aut
1162 584 1208 649 alia

150 690 256 765 multa,
287 689 398 774 quibus
427 690 491 755 loco
519 688 626 774 positis
655 688 800 776 grandior
829 698 921 774 atque
952 689 1107 774 antiquior
1130 687 1210 752 oratio

75 806 123 861 ton
150 811 241 876 saepe
263 791 360 857 videri
384 794 468 857 solet.
512 790 671 857 Novantur
692 800 793 857 autem
815 791 921 869 verba,
945 811 1026 878 quae
1048 791 1085 857 alr
1105 787 1209 875 ecqui

150 893 236 972 dicit,
260 895 325 980 ipso
356 895 524 981 gignuntur
553 914 587 959 ac
616 893 709 972 liunt,
733 894 781 959 vel
811 893 1036 981 coniungendis
1057 893 1167 970 verbis,
1184 900 1211 956 ut
1244 956 1247 961 .

153 997 241 1061 lraec:

200 1148 282 1213 Tum
301 1170 402 1232 pavor
423 1151 608 1233 sapientiam
630 1171 753 1215 omnem
774 1150 822 1214 mi
842 1151 1023 1216 exanimato
1050 1158 1211 1235 ecpectcrct
1244 1218 1247 1223 ,

194 1250 283 1316 Num
305 1274 370 1317 aon
391 1254 436 1318 ovs
459 1254 554 1318 lrur‘os
578 1274 626 1318 me
646 1254 872 1339 ceramiloqtccs
894 1255 1035 1320 malitias
1044 1304 1120 1319 .....
1251 1298 1255 1361 4

152 1407 261 1473 videtis
284 1408 368 1474 enim
391 1418 421 1475 et
443 1408 720 1494 versutiloquas
742 1418 772 1474 et
802 1417 1021 1494 expectorat
1043 1430 1081 1475 ex
1106 1407 1214 1474 coniun-
1252 1364 1255 1477 l

151 1510 250 1576 ctione
263 1512 338 1576 lacta
350 1532 415 1577 esse
426 1510 530 1587 verba,
540 1530 602 1575 non
615 1520 696 1590 nata;
709 1510 863 1596 sedsaepe
878 1512 927 1576 vel
940 1510 1008 1577 sine
1019 1510 1215 1578 coniunctione

65 1696 70 1707 ·
152 1614 245 1679 verba
268 1625 431 1690 novantur,
447 1624 481 1680 ut
496 1614 549 1678 ille
572 1613 696 1680 senius
723 1613 894 1691 disertus,
917 1624 961 1693 ut,
985 1615 1017 1680 di
1040 1614 1214 1701 genitales
1252 1634 1255 1677 :

75 1734 124 1788 155
152 1726 185 1782 ut
209 1717 383 1782 bacarum
405 1717 576 1783 ubertate
598 1716 871 1782 incurvescere.
916 1714 1039 1784 Tertius
1054 1714 1216 1785 illemodus

152 1818 355 1884 transferendi
378 1820 465 1885 verbi
488 1822 548 1884 late
570 1829 663 1905 patet,
687 1840 779 1905 quem
801 1819 964 1886 necessitas
992 1821 1099 1907 genuit
1126 1817 1215 1904 inopia
1253 1892 1255 1907 ι

150 1931 249 1985 coacta
271 1931 301 1985 et
324 1922 479 2007 angustiis
503 1933 570 2007 post
595 1933 697 1988 autem
720 1921 891 1988 iucunditas
913 1921 1135 2009 delectatioque
1154 1923 1214 1987 cele
1253 1910 1255 1937 ²

153 2023 262 2090 bravit.
285 2022 370 2101 Nam,
387 2035 421 2089 ut
436 2026 528 2090 vestis
546 2024 667 2112 frigoris
682 2024 856 2110 depellendi
875 2046 965 2093 causa
981 2036 1104 2113 reperta
1118 2025 1213 2112 primo,

148 2283 294 2339 supcre'm
308 2284 424 2328 dicere.
438 2267 458 2326 lt}
472 2295 529 2326 raro
545 2282 561 2325 il
577 2284 697 2327 costrutto
712 2281 737 2326 di
748 2281 842 2336 supero
856 2293 903 2326 con
916 2280 989 2336 t¹tnt.;
1003 2281 1049 2337 piu
1058 2286 1136 2336 uento,
1151 2278 1213 2326 anche

151 2355 183 2400 dc
198 2355 323 2409 Cicerone,
338 2354 351 2399 ‘e
366 2354 449 2409 quello
464 2367 509 2398 con
525 2353 557 2397 ab
579 2366 593 2397 o
614 2365 660 2398 con
675 2366 711 2397 eac.
726 2375 751 2384 -
769 2351 915 2407 (laelium
930 2365 953 2397 v.
968 2353 1000 2408 11,
1014 2356 1048 2398 54.
1063 2376 1090 2386 -
1102 2353 1211 2398 Poenus

151 2425 229 2470 dicesi
243 2426 260 2470 il
275 2425 435 2478 Cartaginese
450 2428 542 2479 quanto
557 2425 581 2468 al
597 2437 641 2469 suo
657 2427 787 2477 carattere,
801 2422 901 2468 cll'odio
911 2425 952 2478 po'
961 2423 1076 2478 Romani,
1090 2437 1103 2470 e
1117 2419 1213 2478 general·

151 2500 232 2541 mente
247 2500 341 2551 quanto
356 2496 405 2540 alle
420 2495 511 2540 cattive
527 2493 623 2548 qualite
636 2493 760 2545 (Schultz).
779 2493 827 2548 Qui
842 2493 855 2539 ὸ
869 2493 1003 2540 Annibale.
1023 2518 1051 2526 —
1071 2495 1152 2549 loco,
1169 2494 1211 2537 sott

151 2580 206 2620 cuo,
220 2571 404 2621 opportuno-
418 2566 590 2621 arcentor.
607 2565 751 2611 Grandia
766 2563 873 2619 esprime
882 2564 908 2608 lo
918 2564 1059 2618 grandem
1068 2565 1109 2611 dal
1123 2564 1212 2610 suoloto

151 2638 294 2692 pregevole‚
307 2636 414 2682 secondo
429 2636 453 2681 lc
467 2636 585 2691 ptenezza
600 2635 630 2681 cd
644 2636 799 2690 importunae
812 2634 911 2680 interna
924 2634 1051 2688 (Schultz).

218 2742 288 2785 154.
304 2742 541 2795 contemnendis
559 2741 672 2785 verbis
686 2759 713 2777 =
727 2740 764 2786 col
783 2739 878 2785 former
892 2739 918 2784 di
931 2739 977 2794 piu
994 2741 1052 2787 voci
1067 2755 1117 2787 unc
1129 2740 1212 2786 solc-

155 2811 200 2856 Tec
207 2824 235 2855 m
251 2824 378 2866 pavor,
394 2824 445 2855 ece.
460 2812 480 2856 Il
495 2812 576 2865 primo
591 2824 663 2856 verso
683 2811 696 2856 ὲ
719 2810 922 2856 dell’Alcumoeo
937 2810 963 2855 di
984 2811 1072 2865 Ennio,
1090 2812 1109 2857 il
1123 2807 1213 2858 secondo

152 2882 165 2926 ὸ
183 2882 250 2926 forse
270 2880 331 2925 tolto
352 2880 558 2926 doll’Armoracm
572 2883 700 2928 iudicium
721 2881 745 2927 di
760 2881 844 2926 Accio.
858 2881 880 2926 Il
900 2881 982 2936 primo
1003 2881 1018 2927 d
1037 2897 1071 2928 un
1087 2883 1214 2928 tetrametro

151 2951 260 2998 trocaioo
275 2951 430 3005 catalettico;
444 2952 460 2996 il
473 2953 579 2998 secondo
590 2953 603 2998 e
613 2968 646 2998 un
657 2953 768 2998 trimetro
778 2951 1000 3008 gicmbiooemi,
1014 2954 1095 3000 forma
1109 2954 1216 3000 oontrctto

151 3037 196 3078 per
210 3023 285 3068 milti.
299 3023 335 3067 Le
352 3024 498 3068 coniunctio
512 3025 651 3069 verborum
672 3023 685 3069 ὲ
705 3023 730 3068 in
751 3024 917 3078 exanimato,
937 3028 1103 3080 expectorat,
1122 3020 1216 3071 verseti-

151 3092 246 3147 toquao
264 3094 300 3140 (=
314 3090 361 3145 qui
379 3093 481 3135 versute
497 3091 621 3145 loquitor,
636 3090 676 3136 ehi
693 3090 766 3145 porla
781 3090 915 3145 astuto).—
929 3090 990 3136 illo
1007 3102 1104 3146 cnutus,
1117 3104 1164 3138 ecc.
1174 3087 1216 3133 Ito

152 3177 163 3207 ‹
174 3164 263 3209 senius
274 3163 406 3206 disertus>
416 3181 442 3197 =
453 3162 522 3206 illud
531 3162 687 3206 vocabulum
696 3162 763 3206 senii
779 3162 872 3206 diserti
875 3174 885 3216 ,¹
898 3160 951 3207 coel
960 3161 1005 3206 che
1015 3162 1063 3207 illc
1072 3157 1216 3216 corrispondc

152 3235 176 3279 al
190 3248 264 3288 greco
279 3226 308 3279 τὸ
323 3232 421 3282 (Sorof).
435 3234 511 3278 Foree
532 3231 785 3287 sumus,onri1rnuas
806 3245 819 3276 e
838 3235 1032 3277 rncuntnscnnn
1051 3246 1112 3280 sono
1130 3232 1217 3278 cddorte

152 3319 220 3350 como
235 3307 321 3360 parole
341 3305 366 3349 di
384 3318 465 3350 nuovo
483 3304 561 3349 conio.
575 3303 612 3348 Di
631 3304 759 3358 genitales
778 3303 927 3357 (gignentes)
945 3302 958 3348 ὸ
977 3304 1154 3350 reminiscenza
1170 3301 1217 3347 d'un

151 3388 223 3420 verso
231 3376 296 3420 forse
305 3374 372 3428 degli
380 3375 471 3419 Annali
483 3373 507 3418 di
517 3374 603 3426 Ennio,
613 3374 697 3428 quello
708 3373 878 3419 conservatoci
889 3373 921 3418 de
929 3373 1014 3419 Servio
1026 3375 1062 3420 ad
1068 3375 1140 3428 Aen,
1149 3373 1218 3428 estol:

152 3444 283 3490 Romulus
297 3446 326 3490 irc
346 3445 417 3488 caelo
431 3457 490 3488 carm
506 3445 546 3488 dis
560 3445 721 3498 pennalibus
736 3457 829 3488 aevum
846 3443 1219 3500 Deqtt.ctr.0auz10,0armen

151 3516 296 3570 saeculare,
310 3517 380 3559 15-16.
395 3538 421 3546 -
435 3526 558 3559 aucupum
573 3526 707 3559 unsarana
722 3525 922 3559 rucunvnscnnn.
937 3515 1030 3568 Quoste
1039 3516 1126 3570 percle
1136 3525 1219 3569 appar-

152 3587 259 3637 tongono
270 3586 294 3630 al
304 3597 376 3629 verso
391 3584 455 3628 dello
470 3585 600 3630 Eumenidi
610 3585 635 3629 di
650 3585 737 3639 Ennio,
750 3584 795 3629 ohe
810 3584 889 3631 intero
904 3598 1015 3630 suonovo
1030 3584 1096 3631 oosl:

419 3673 492 3716 rami
508 3673 635 3718 bacarum
648 3674 768 3718 ubertate
782 3674 966 3718 incurvescere.

153 3782 173 3826 n
187 3780 267 3825 intero
282 3780 306 3825 lo
321 3779 371 3824 cita
382 3779 431 3824 Cic.
445 3780 510 3825 nolle
524 3781 600 3826 Teuc.
614 3783 689 3837 disp,
704 3782 723 3836 I,
737 3784 770 3836 28,
784 3784 817 3827 69.

211 3907 286 3954 155.
303 3906 314 3952 t'
320 3918 339 3952 rt
349 3918 364 3952 o
366 3904 409 3962 ,ei
416 3919 433 3952 α
451 3904 464 3952 ὺ
479 3905 529 3952 obl.
545 3904 570 3952 di
584 3910 685 3962 coacto,
698 3906 723 3951 ol
735 3904 794 3960 pori
807 3904 833 3949 dl
846 3906 984 3959 anqustiis.
994 3929 1020 3936 -
1034 3902 1219 3952 celebravit
