2526 4246
140 141 190 194 20)
509 156 542 194 n.
562 156 667 195 runnu
686 155 847 197 cronnours

141 282 230 345 quam
256 260 347 326 buius
369 271 473 326 contra
497 262 641 346 collegam
666 262 697 326 in
720 282 844 328 censura
869 283 972 348 nuper
993 272 1092 349 neque
1104 263 1177 347 lepore

141 373 170 428 et
193 363 354 429 festivitate
376 364 536 429 conditior.

183 466 283 549 Quare
306 466 370 543 tibi,
388 467 508 543 Antoni,
525 477 692 552 utrumque
710 467 865 532 adsentior
886 478 918 532 et
941 471 1073 534 multum
1091 465 1181 547 facetias

141 569 173 633 in
195 569 322 635 dicendo
344 570 488 654 prodesse
510 590 601 654 saepe
622 580 653 634 et
668 590 718 635 eas
733 580 798 635 arte
813 571 899 636 nullo
915 570 1016 636 modo.
1024 591 1106 656 posse
1118 565 1180 633 tradi

142 670 218 737 lllud
241 673 364 757 quidem
388 671 533 747 admiror,
552 672 684 738 tenebis
702 672 734 736 in
750 692 785 737 eo
799 692 913 757 genere
937 673 1080 739 tribuisse
1093 681 1183 737 tantun

141 785 171 839 et
193 795 253 839 000
280 775 369 839 buius
394 775 435 839 rei
459 795 580 859 quoque
594 774 792 859 palmantlul
806 775 995 862 ceterarum]
1011 775 1113 840 Crasso
1124 774 1184 838 detu·
1227 838 1230 857 ¹

64 886 115 940 228
141 878 220 941 lisso.
265 876 341 943 'lum
366 878 529 942 ‚lntoniusz
553 876 611 963 Ego
634 898 707 942 vero
731 878 769 942 ita
793 877 941 955 l'ecissem,
967 879 1077 964 inquit,
1094 874 1185 942 nisiin·
1228 888 1230 953 g

143 980 262 1044 terdum
286 981 316 1044 in
333 965 397 1044 'boc
412 979 517 1045 Crasso
538 981 663 1064 paulum
679 981 858 1045 invrderem.
882 979 960 1045 Nam
987 1001 1053 1046 esse
1075 975 1186 1065 quamvis

143 1082 271 1146 l'acetum
294 1094 384 1166 atque
406 1084 519 1148 salsum
544 1103 604 1146 non
629 1083 720 1147 nimis
749 1096 794 1148 est
818 1103 875 1167 per
897 1104 931 1148 se
954 1084 1056 1169 ipsum
1079 1081 1187 1147 invideo·

142 1185 232 1261 dum;
263 1185 325 1261 sed,
348 1205 416 1248 cum
440 1186 579 1250 omnium
606 1186 645 1248 sit
674 1185 906 1252 venustissimus
929 1197 960 1251 et
982 1185 1187 1254 urbanissimus

141 1287 280 1352 omnium
302 1288 516 1370 gravissimum
532 1298 562 1352 et
575 1288 802 1353 severissimum
817 1298 847 1352 et
870 1308 937 1353 esse
960 1300 992 1354 et
1015 1280 1189 1371 videri,quol

64 1397 116 1449 229
143 1389 190 1454 isti
206 1390 329 1475 contigit
344 1391 408 1466 uui,
427 1391 482 1474 lid]
504 1390 581 1454 mibi
601 1391 652 1454 vix
671 1391 832 1456 serendum
855 1390 1029 1457 videbatur.
1048 1422 1053 1433 ·
1075 1390 1123 1455 llic
1140 1403 1190 1454 cun

142 1493 295 1558 adrisisset
307 1493 372 1579 ipse
388 1492 524 1558 Crassus:
543 1494 581 1556 ⁴lc
605 1504 715 1571 lamen,
736 1493 836 1579 inquit
851 1492 1015 1571 Antonius,
1031 1514 1098 1560 cum
1117 1501 1190 1557 arten

142 1617 206 1660 esse
228 1595 413 1672 facetiarum,
439 1595 502 1673 luli,
526 1597 620 1660 ullam
644 1617 779 1682 negares,
796 1596 943 1680 aperuisti
960 1596 1117 1681 quiddam,
1130 1587 1191 1679 quol

142 1700 391 1784 praecipiendum
415 1699 580 1764 videretur.
606 1699 713 1764 llaberi
731 1700 814 1765 enim
832 1699 933 1764 dixisti
961 1701 1111 1766 rationem
1125 1714 1191 1782 opot-

142 1812 207 1866 tere
231 1802 400 1878 bominum,
426 1803 479 1877 rei,
503 1803 659 1886 temporis,
676 1822 715 1867 ne
738 1801 811 1887 quid
835 1801 916 1866 iocus
940 1802 979 1868 de
1001 1797 1191 1888 gravitatede

142 1905 395 1987 cerpe1·el;quod
424 1904 548 1988 quidem
577 1905 740 1988 inprimis
765 1925 782 1968 a
812 1903 918 1968 Crasso
946 1904 1102 1970 observari
1125 1903 1190 1966 solet.

144 2006 202 2070 Sed
227 2006 281 2070 boc
303 2019 499 2091 praeceptum
521 2002 864 2092 praetermittendarum
879 2018 925 2072 est
942 2007 1127 2082 facetiarum,
1140 2018 1192 2070 eun

144 2110 180 2173 iis
203 2110 280 2173 nibil
297 2131 372 2194 opus
387 2111 433 2173 sit.
458 2110 515 2175 Nos
532 2122 632 2176 autem
649 2111 815 2195 quomodo
832 2120 966 2187 utamur,
984 2131 1055 2176 cum
1070 2129 1141 2197 opus
1158 2104 1193 2174 sil,

145 2213 329 2297 quaerimus,
346 2223 379 2278 ut
395 2213 426 2276 in
447 2212 657 2278 adversarium
679 2224 709 2278 et
731 2212 873 2288 maxiano,
890 2212 915 2276 si
934 2213 1001 2278 eius
1023 2211 1145 2279 stultitia
1158 2224 1196 2294 pt·

145 2315 213 2380 terit
231 2315 347 2400 agitari,
371 2316 403 2379 in
428 2326 534 2380 testem
557 2318 695 2390 stultum,
717 2315 872 2400 cupidum,
894 2316 1006 2391 levem,
1021 2316 1045 2380 si
1063 2315 1144 2380 facile
1158 2311 1196 2375 bo·

68 2427 120 2481 230
145 2420 244 2483 minos
262 2418 395 2483 audituri
419 2418 614 2483 ridebuntur.
660 2417 794 2482 Omnino
816 2416 1026 2502 probabiliora
1041 2427 1120 2493 sunt,
1135 2429 1195 2500 quae

145 2521 270 2586 lacessiti
288 2521 425 2596 dicimus,
449 2541 540 2605 quam
557 2541 634 2605 quae
649 2521 776 2605 priores.
800 2518 874 2583 Nam
890 2529 920 2584 et
934 2519 1050 2605 ingenii
1079 2514 1196 2585 celeritas

145 2624 242 2687 maior
263 2633 317 2696 est,
340 2643 417 2707 quae
440 2634 567 2708 apparet
590 2623 621 2686 in
646 2622 872 2707 respondendo,
896 2633 926 2686 el.
949 2621 1146 2687 humanitatis
1164 2622 1197 2681 est

145 2806 217 2850 venti.
238 2829 263 2836 -
288 2807 454 2861 collepam,
480 2805 534 2850 cloia
556 2804 667 2848 llominio
690 2803 834 2855 Enoberdo,
856 2816 877 2846 v.
898 2804 961 2854 545.
984 2827 1011 2834 -
1033 2803 1199 2859 palmam-3

148 2866 264 2912 Oraeeo
289 2867 453 2914 detulisse.
476 2867 512 2910 Lu
536 2868 613 2911 frose:
636 2865 786 2918 certuepiam
807 2863 846 2908 rei
864 2863 992 2918 palmam
1013 2864 1115 2918 deferre
1134 2859 1199 2905 atteri

144 2931 212 2973 vele:
227 2929 304 2981 dargli
321 2929 345 2972 10
359 2929 402 2983 pili
417 2944 477 2984 gram
495 2928 558 2978 lorle,
572 2927 587 2971 il
611 2927 717 2981 primulo
737 2927 760 2970 in
776 2940 824 2970 000
839 2939 904 2970 cosa.
923 2925 960 2969 La
979 2928 1076 2980 palma
1097 2938 1137 2971 ero
1154 2913 1198 2974 out¹

145 3006 212 3039 ramo
228 2991 251 3034 di
267 2991 378 3045 palmato
393 2991 517 3046 pralminio,
532 2992 576 3035 oho
592 2989 612 3034 si
629 3003 718 3033 recavo
732 2988 757 3033 in
772 3001 844 3033 mono
860 2987 882 3032 in
898 3000 975 3040 segne
990 2987 1015 3032 di
1031 2987 1136 3033 villerias.

212 3094 286 3137 228.
304 3093 333 3136 in
348 3093 403 3136 boc
417 3113 443 3125 =
458 3092 482 3135 iu
497 3091 542 3135 cib.
557 3114 582 3122 -
600 3090 717 3134 Graeco
732 3090 745 3133 e
761 3090 809 3134 det.
824 3089 849 3133 di
864 3089 1015 3133 inviderem.
1030 3111 1056 3120 -
1071 3080 1200 3151 quamsit

146 3169 264 3201 crrnserva
273 3155 288 3198 il
305 3169 348 3199 suo
364 3153 501 3207 significato
512 3152 680 3205 etimologico:
695 3166 740 3206 per
751 3156 843 3206 quanto
854 3150 922 3194 ruoi:
936 3164 1020 3205 quam
1031 3151 1075 3195 oio.
1083 3173 1108 3181 -
1119 3149 1201 3194 010111

145 3240 171 3252 ⁵-
186 3233 245 3272 gran
261 3218 330 3262 l'atlo.
344 3241 369 3246 —·
385 3217 526 3260 00101001
549 3217 604 3266 sil,
619 3219 674 3258 soll.
690 3215 796 3269 0110010.
812 3212 889 3258 altri:
905 3213 950 3256 sio.

211 3299 284 3342 229.
298 3298 367 3351 ipsc
391 3295 537 3339 (froccus.
559 3294 619 3348 Ipso
630 3293 813 3347 ralezpersino,
824 3291 877 3337 0100
887 3292 1016 3337 sorridova
1026 3292 1111 3347 persin
1120 3291 1203 3333 Crasso·

144 3361 189 3405 cho
205 3374 264 3415 puro
280 3375 323 3403 ere
337 3359 511 3414 praui-seimus
527 3361 549 3401 01
567 3357 755 3400 severissimus.
773 3378 800 3386 -
819 3368 855 3399 00
878 3355 955 3409 quid
978 3355 1067 3412 10000
1089 3354 1123 3398 de
1145 3357 1202 3418 010]

147 3425 247 3467 ortale
271 3423 455 3474 decerperet
475 3437 502 3454 =
521 3417 611 3473 perche
637 3418 659 3461 lo
680 3418 779 3462 soherzo
799 3417 866 3461 nulla
886 3429 1010 3461 soemasse
1030 3416 1097 3461 delle
1114 3414 1205 3468 grenla-

147 3507 172 3515 -
192 3487 335 3535 ularrrur,
356 3483 408 3526 scil.
425 3481 621 3536 formiis-el
644 3481 712 3523 ciue
733 3479 883 3524 stultitia
903 3479 1029 3532 poterit
1053 3473 1204 3532 opilari·

146 3545 245 3600 quando
260 3560 285 3587 se
301 3559 330 3588 ne
346 3558 418 3597 poma
435 3544 534 3596 rolgero
545 3543 568 3586 in
580 3541 682 3585 ridiculo
694 3541 717 3586 la
728 3542 852 3586 stoltezzo.
861 3564 887 3571 -
902 3553 937 3584 00
943 3540 1069 3594 pidum,
1078 3536 1206 3594 partiente

146 3607 264 3662 parciore,
276 3606 415 3659 conrequri
431 3605 475 3649 olio
492 3604 606 3649 desidera
621 3604 645 3647 la
660 3603 759 3648 victorie
775 3603 880 3647 dell'uno
898 3602 1019 3655 piuttosto
1035 3601 1080 3646 ohe
1096 3597 1204 3645 detl'altro

147 3669 268 3721 litigante.

214 3753 525 3806 2800probabr'lr'ora
540 3770 566 3786 =
581 3750 624 3805 piir
635 3750 737 3803 gradilo.
793 3763 886 3804 quam
905 3762 986 3804 quae
1005 3749 1144 3804 priores,
1157 3743 1204 3788 soll·

146 3815 266 3858 dirimas.
280 3813 387 3858 Priores
402 3813 414 3857 b
430 3822 535 3868 opposto
550 3829 565 3857 0
580 3814 702 3866 lacessiti,
712 3826 780 3857 come
792 3827 806 3856 0
816 3811 879 3856 dire:
896 3823 948 3856 raon
962 3811 1084 3855 lacessiti.
1098 3832 1123 3840 -
1136 3803 1205 3851 0011·

146 3877 233 3921 ritas
247 3893 274 3910 ==
285 3882 425 3929 pronlezno.
440 3900 465 3906 --
487 3875 705 3921 1000100110110
730 3877 787 3926 eal,
802 3873 815 3917 b
830 3886 906 3926 segne
922 3872 1070 3918 dell'umane
1085 3874 1205 3916 nature*
