2526 4246
140 151 192 205 :llll
503 166 537 206 u.
556 166 661 207 runnu
679 162 843 208 montuosus

142 291 213 337 rere
229 273 336 349 seluta,
354 292 415 337 nen
431 281 465 338 ut
482 271 574 359 lugiat
589 282 692 337 tamen
707 282 760 337 aut
774 283 866 350 erret,
883 272 938 338 sed
953 284 990 339 ut
1007 274 1073 340 sine
1087 275 1201 341 vinculis

141 373 197 437 sibi
219 375 283 459 ipsa
304 375 488 440 moderetur.
505 373 641 460 Namque
655 394 710 461 ego
730 374 808 440 illud
822 374 982 441 adsentior
996 376 1200 463 Theophrasto,

141 476 192 560 qui
216 488 301 562 putat
324 478 503 553 orationem,
520 497 598 562 quae
620 477 745 563 quidem
767 476 806 542 sit
827 478 925 563 polita
947 489 1041 564 atquc
1055 480 1129 545 lacta
1143 499 1202 566 quo·

141 578 210 643 clam
228 580 326 656 ruoilo,
344 599 404 645 non
428 579 579 658 adstricta,
595 580 648 646 sed
664 580 820 646 remissius
835 600 1037 647 numerosam
1051 603 1115 649 esse
1129 602 1201 669 epor-
1235 666 1237 673 Ι

97 700 108 749 r·
142 691 214 746 tere.
261 682 387 758 illenim,
404 683 479 749 sieut
500 683 554 749 ille
568 684 748 769 suspicatur,
763 703 801 750 ex
824 683 889 748 istis
910 684 1022 763 modis,
1038 686 1147 771 quibus
1162 685 1202 750 lic
1235 682 1237 755 ἶ

140 785 267 850 usitatus
289 806 395 852 versus
421 786 566 863 efficitur,
590 795 659 871 post
685 796 881 872 anapaestus,
905 789 1066 873 procerior
1092 790 1200 876 quidam

141 906 296 965 perrierus,
320 889 467 967 ellloruit;
490 887 562 954 inde
584 888 637 954 ille
659 887 799 954 licentior
820 899 851 954 et
864 889 996 956 divitior
1014 892 1104 959 fluxit
1117 892 1202 978 dithy-

141 991 273 1066 ramlrus,
297 992 381 1057 utrius
403 990 541 1056 membra
564 1001 595 1056 et
616 990 719 1076 pedes,
742 1001 776 1058 ut
797 991 840 1057 ait
861 991 956 1072 idem,
981 1005 1055 1061 sunt
1077 996 1108 1061 in
1130 995 1200 1062 omni

140 1093 280 1176 locupleti
304 1094 440 1158 oratione
463 1092 581 1159 dillusa.
605 1092 653 1171 Et,
676 1092 700 1189 si
725 1113 926 1160 numerosum
949 1106 997 1161 est
1020 1097 1052 1162 in
1076 1098 1203 1164 omnibus

139 1195 220 1259 sonis
249 1205 339 1279 alque
368 1196 507 1269 vocibus,
535 1195 616 1281 quod
646 1195 738 1262 babet
768 1196 916 1282 quasdam
943 1198 1159 1285 impressiones
1179 1212 1203 1265 et

139 1297 220 1383 quod
242 1297 344 1362 metiri
367 1318 528 1383 possumus
550 1298 721 1364 intervallis
743 1299 932 1385 aequalibus,
949 1312 1033 1368 recte
1048 1323 1142 1390 genus
1157 1303 1202 1368 boc

140 1420 350 1477 numerorum,
374 1400 540 1467 dummodo
563 1421 603 1467 ne
624 1401 804 1468 continuum
826 1401 874 1479 sit,
899 1402 933 1466 in
955 1405 1106 1472 orationis
1127 1405 1201 1471 laude

140 1514 279 1589 ponetur.
303 1503 387 1580 Nem,
404 1505 428 1568 si
445 1504 529 1570 rudis
552 1515 582 1570 et
601 1505 740 1591 impolita
755 1505 891 1590 putanda
906 1515 953 1572 est
973 1507 1029 1574 illa
1044 1509 1111 1575 sine
1125 1510 1200 1574 inter·

142 1607 228 1671 vallis
251 1607 414 1691 loquacitas
433 1607 589 1692 peremnis
611 1617 642 1673 et
663 1608 829 1693 profluens
846 1608 922 1694 quid
941 1619 988 1675 est
1008 1611 1094 1678 aliud
1112 1629 1200 1677 causae
1234 1652 1237 1681 t

140 1730 194 1774 cur
210 1710 397 1793 repudietur,
411 1710 468 1775 nisi
485 1710 566 1795 quod
583 1710 745 1776 hominum
760 1710 885 1776 auribus
904 1731 1013 1778 vocem
1030 1724 1200 1780 naturane
1233 1728 1237 1797 l

140 1811 264 1875 rlulatur
287 1811 351 1895 ipsa
363 1818 375 1875 ‘t
403 1812 489 1895 Quod
513 1811 596 1890 lieri,
620 1812 678 1877 nisi
702 1811 781 1878 inest
803 1832 952 1880 numerus
981 1815 1014 1880 in
1037 1837 1126 1895 voce,
1149 1833 1197 1880 neu

63 1925 112 1979 len
139 1924 246 1997 petest.
287 1912 437 1980 Numerus
453 1925 555 1982 autem
570 1915 602 1979 in
618 1915 845 1982 continuatione
860 1918 967 1983 nullus
986 1928 1046 1996 est;
1063 1917 1198 1985 distinctio

140 2016 222 2080 enim
238 2017 412 2100 aequalium
425 2018 467 2103 let
482 2038 572 2103 saepe
584 2018 755 2105 variorum]
768 2019 1006 2086 intervallorum
1021 2022 1198 2107 percussione

142 2237 187 2280 eat
206 2247 275 2279 vere
293 2235 402 2278 seinte
416 2250 442 2268 =
457 2245 470 2276 e
484 2231 532 2275 ben
548 2232 570 2276 le
586 2235 624 2275 sta
638 2230 655 2274 il
669 2243 741 2276 nemo
756 2230 780 2274 di
797 2230 893 2275 seiolta.
909 2254 937 2263 —
949 2233 1100 2289 saepiat...
1122 2235 1198 2279 erret.
1235 2224 1237 2231 '

140 2307 164 2351 Si
176 2317 282 2360 posseno
294 2303 382 2348 render
391 2316 436 2347 con
447 2316 480 2346 un
489 2301 565 2345 verbo
576 2300 628 2346 sole
639 2314 692 2345 eun
702 2302 791 2355 compl.
802 2300 826 2344 di
837 2301 923 2347 modo:
937 2303 1003 2348 rada
1016 2303 1127 2358 vagando
1138 2315 1197 2349 senza

141 2379 221 2429 linge.
234 2399 260 2407 -
283 2375 521 2429 Tlieepltreste;
540 2373 605 2426 1,43.
625 2394 650 2403 -
669 2385 749 2426 qnae
768 2373 895 2427 quinem
914 2375 965 2420 eit.
984 2374 1198 2429 Vedi1.129,ueta

140 2449 188 2492 ullo
203 2447 289 2501 parole
304 2459 381 2500 quem
395 2445 501 2500 qnidern
513 2445 645 2498 probaret.
659 2467 684 2474 -
697 2443 802 2497 secia,
819 2443 933 2490 lavorota
943 2458 990 2491 eon
1000 2446 1105 2492 artificio
1117 2470 1141 2477 -
1153 2442 1197 2489 ceti

141 2518 351 2563 remissicae...
366 2519 549 2570 opertere:
564 2528 603 2558 mo
618 2514 781 2559 devoravere
797 2527 846 2559 une
860 2513 905 2569 piis
920 2514 1001 2560 libera
1016 2517 1132 2562 armenie.

207 2616 277 2659 185.
294 2627 326 2658 en
345 2614 420 2657 istis
439 2613 543 2656 medie
562 2630 588 2647 =
607 2611 639 2656 de
660 2615 747 2666 queste
768 2611 860 2656 misure
882 2612 1024 2658 armoniehe
1046 2626 1061 2658 o
1083 2613 1150 2659 metri
1164 2611 1199 2655 rit·

103 2738 105 2742 ¹
140 2685 204 2729 miei.
218 2709 244 2714 —
258 2685 309 2728 lete
327 2685 473 2729 neitntne
492 2695 604 2728 verane
619 2681 631 2726 b
647 2682 809 2736 interpretato
825 2681 892 2726 (lello
906 2682 1035 2728 Zembaldi
1056 2697 1068 2728 ‹
1083 2685 1101 2729 il
1114 2691 1198 2728 serso>

140 2756 164 2798 ln
179 2755 301 2807 gerreralo,
316 2755 341 2797 in
356 2759 448 2806 querite
464 2767 519 2798 esse
535 2754 591 2798 eun
605 2752 745 2806 periodetto
759 2752 834 2798 breve
845 2766 859 2797 e
869 2753 997 2809 regolar03
1012 2754 1045 2800 da
1060 2755 1126 2800 altri:
1138 2762 1198 2797 verse

140 2825 237 2869 seriurlo
247 2823 383 2877 glambi003
395 2824 427 2868 da
438 2823 507 2868 altri:
519 2828 649 2868 esemetro.
658 2847 684 2854 -
691 2824 862 2878 procerior
876 2825 1008 2879 quidam
1022 2837 1198 2872 numerus:

139 2894 184 2939 che
200 2893 213 2937 la
228 2907 260 2937 un
275 2896 343 2937 certo
357 2892 431 2947 piede
440 2892 484 2946 pte
495 2897 583 2938 estese.
593 2917 618 2924 -
636 2894 711 2938 inde
726 2892 739 2937 e
754 2898 860 2947 opposta
871 2908 885 2938 c
895 2898 966 2949 eost,
978 2908 1033 2941 arv.
1043 2895 1088 2940 ohe
1098 2891 1199 2950 precede.

139 2990 165 2996 -
183 2965 337 3009 licentior
357 2967 384 3007 et
405 2964 583 3011 divitior...
607 2965 844 3015 ditlsyrembne.
865 2964 886 3009 Il
903 2964 1041 3014 ¹tiitirembo
1062 2965 1076 3011 e
1097 2966 1160 3011 detto
1175 2962 1199 3006 li·

139 3037 245 3089 ceillier,
257 3033 348 3090 perche
364 3048 406 3079 era
420 3037 492 3079 ussto
514 3034 578 3079 nelle
600 3035 663 3080 feste
685 3035 753 3089 apel
769 3035 835 3080 culto
850 3034 875 3079 di
888 3035 1006 3089 Benene
1027 3036 1112 3090 parete
1133 3043 1200 3081 avers

139 3107 247 3152 virateitb
268 3121 280 3152 e
293 3106 346 3151 brie
362 3106 392 3151 orl
408 3119 451 3151 ere
466 3106 585 3159 alquanto
600 3105 731 3150 licenziose
746 3106 837 3155 (licens
851 3105 938 3160 partic.
953 3107 1046 3152 trovasi
1061 3108 1114 3153 sole
1128 3105 1198 3160 quiin

139 3179 301 3231 Cicerone);'e
316 3178 358 3232 pei
373 3177 495 3221 ehiemeto
507 3177 620 3230 divitior,
633 3176 724 3230 perone
739 3176 771 3220 tin
786 3175 854 3221 della
868 3189 913 3221 sue
927 3176 1023 3230 origine
1038 3177 1102 3223 ebbe
1115 3174 1199 3231 grands

139 3250 236 3294 variotb
259 3250 282 3293 ‹ti
307 3248 385 3293 metri.
405 3248 498 3292 Arione
519 3261 591 3291 verso
613 3246 631 3290 il
653 3248 694 3290 600
714 3261 735 3291 a.
759 3246 783 3291 Ο.
805 3247 867 3293 telse
889 3246 906 3290 il
925 3246 1059 3293 ditirambo
1080 3248 1120 3292 dal
1143 3245 1199 3291 culto

140 3320 305 3365 ‹lionisiaeoo
326 3320 348 3363 lo
368 3318 508 3363 introilusse
523 3318 641 3362 noll'arte.
659 3340 685 3348 —
700 3318 733 3361 in
754 3319 901 3363 omnibns
925 3319 1017 3362 cenis
1042 3322 1137 3373 etque
1156 3329 1200 3361 ee·

140 3392 228 3435 cibus
239 3409 265 3427 =
280 3391 304 3435 in
319 3389 376 3434 tutti
391 3389 397 3433 i
413 3388 498 3442 generi
514 3389 538 3433 ili
553 3388 648 3433 musico
662 3388 748 3433 vocale
764 3402 776 3432 e
792 3388 1004 3433 istrumentelc.-
1015 3390 1199 3434 continuum.

140 3461 182 3514 qui
204 3467 296 3514 quanto
313 3463 481 3515 perpetuum,
496 3473 508 3503 e
523 3460 592 3504 vale:
607 3458 736 3504 uniforme.
750 3483 776 3490 —
795 3460 828 3503 in
851 3459 1016 3504 erationis
1041 3460 1135 3505 lande
1152 3470 1200 3513 pe·

140 3534 268 3575 netur:
279 3530 300 3575 si
311 3529 387 3589 petri
402 3542 554 3573 annoverere
569 3528 608 3574 tre
622 3529 629 3572 i
644 3528 715 3583 pregi
731 3528 946 3574 ‹lell'orezione.-
957 3529 1139 3584 loquecitas
1156 3539 1200 3582 pe·

138 3601 262 3644 reninis
285 3604 312 3644 et
332 3599 508 3654 profluens
522 3600 539 3648 (i
555 3599 602 3644 due
617 3613 673 3652 agg,
688 3599 799 3644 formano
814 3599 935 3653 endiadil;
949 3600 1010 3654 puoi
1023 3600 1198 3645 tradurresnon

139 3669 269 3714 interrotto
283 3669 405 3723 profluvio
420 3668 444 3712 di
459 3669 566 3723 pertore.
581 3693 607 3701 —
621 3683 694 3714 tinne
703 3684 775 3715 erne
785 3688 811 3706 =
821 3670 939 3715 armenie.

208 3762 278 3805 186.
294 3761 457 3806 Nnneerns
480 3765 590 3806 entem
614 3763 647 3807 in
671 3763 916 3807 continuatione
941 3762 1054 3807 nnilne
1073 3758 1198 3806 eer=tlr

137 3847 187 3879 non
202 3830 239 3877 r’b
254 3829 373 3885 armonia,
387 3831 448 3875 dove
464 3835 527 3875 tutto
547 3831 560 3875 ὲ
575 3831 696 3876 uniforme
710 3833 748 3881 (in
761 3833 972 3882 continuatione).
985 3855 1011 3862 -
1026 3828 1197 3876 distinctio,

127 3908 174 3965 qul
192 3904 324 3964 significo:
346 3903 417 3961 segni
441 3903 668 3959 tl'iuterpunzione.
690 3926 716 3933 —
741 3903 960 3947 distinctio...
984 3901 1191 3955 aequalium...
