2526 4246
163 139 213 191 160
527 153 558 192 n.
577 152 682 192 runnu
701 150 865 195 crceaorus

87 263 133 315 121
205 256 379 325 XXVIII.
406 262 507 341 Quare
521 259 607 323 illam
622 268 742 343 partem
757 259 960 344 superiorem,
979 260 1130 347 quosnam
1143 261 1224 325 send

163 361 202 424 ita
226 361 311 425 voltis
333 361 455 446 placuit,
479 381 539 425 non
565 361 708 426 recusabo
731 364 917 445 quominus
943 364 1122 449 perpoliam
1148 375 1225 447 atque

163 463 319 528 conficiant
346 501 384 509 -
407 474 556 547 quantum
578 483 755 548 consequar,
778 483 832 528 vos
855 463 1031 530 iudicabitis
1051 489 1103 530 —:
1127 464 1224 551 quibus

163 585 201 630 eu
217 566 287 631 locis
303 566 340 630 ad
358 586 408 631 eas
424 577 485 630 tres
504 585 561 639 res,
577 586 655 650 quae
670 565 708 629 ad
724 565 814 630 fidem
832 566 1006 632 faciendam
1021 570 1105 634 solae
1127 569 1223 635 valent.

164 669 291 734 ducatur
312 669 417 745 oratio,
441 679 474 734 ut
496 679 526 732 et
548 668 747 733 concilientur
769 668 863 732 animi
887 680 918 733 et
941 669 1111 736 doceantur
1132 681 1161 735 et
1174 690 1224 734 no

163 782 308 847 veantur;
326 771 413 854 {haec
428 781 499 836 sunt
514 770 596 834 enirn
614 770 693 854 trial.
712 769 750 834 Ea
766 789 839 834 vero
855 790 948 854 quern
965 771 1005 836 ad
1023 772 1148 837 modum
1168 772 1224 836 illu-

163 883 307 949 strentur,
329 883 518 958 praestoest,
535 872 709 956 quiniones
727 871 834 937 docere
852 873 958 956 possit,
978 875 1032 959 qui
1051 875 1107 940 hoc
1120 875 1224 960 prinus

163 975 195 1037 in
219 986 337 1039 nostros
360 995 459 1039 mores
482 974 610 1049 induxit,
627 974 678 1058 spui
696 975 828 1038 maxime
848 975 942 1051 auxit,
961 977 1013 1061 qui
1031 978 1114 1043 solus
1129 975 1221 1042 eliecit.

104 1080 135 1131 ἰί
163 1076 298 1161 Nanrque
321 1097 384 1162 ego,
408 1076 521 1152 Catule,
595 1075 692 1140 dicatu
708 1076 792 1140 enim
807 1095 869 1140 non
890 1096 1040 1143 reverens
1058 1077 1222 1144 adsentandi

164 1180 366 1265 suspicionem
388 1217 440 1254 —,
468 1179 624 1244 nerninem
646 1199 711 1243 esse
734 1188 885 1243 oratorem
913 1182 1007 1265 paulo
1040 1182 1221 1246 illustriorem

164 1282 297 1347 arbitror
319 1302 418 1366 neque
440 1282 587 1347 Graecum
611 1301 711 1365 neque
728 1281 884 1357 Latinum,
912 1302 1006 1367 quern
1029 1296 1113 1349 aetas
1135 1294 1220 1348 nostra

166 1385 278 1461 tulerit,
303 1405 394 1470 quern
417 1405 478 1448 non
502 1394 531 1448 et
553 1404 642 1468 saepe
658 1394 688 1448 et
704 1383 866 1468 diligenter
888 1384 1053 1450 audierim.
1078 1386 1183 1471 ltaque,
1202 1383 1220 1445 si

165 1490 238 1575 quid
261 1500 305 1554 est
327 1489 359 1552 in
375 1508 424 1552 me
500 1487 580 1572 quod
596 1488 657 1550 iarn
673 1506 797 1571 sperare
813 1486 929 1564 videor,
947 1488 1220 1575 quoniamquidem

165 1614 227 1669 vos,
252 1593 300 1656 lais
323 1591 452 1677 ingeniis
470 1590 617 1664 nomines,
639 1600 756 1654 tantuna
772 1609 883 1673 operae
899 1590 975 1654 rnilti
993 1592 1033 1656 ad
1049 1591 1218 1657 audiendum

166 1694 243 1759 datis
260 1733 309 1769 —‚
326 1714 362 1758 ex
379 1705 483 1765 coest,
504 1692 583 1776 quod
601 1692 678 1755 nilril
695 1692 856 1776 quisquam
872 1711 1011 1776 unquam
1029 1715 1080 1760 rue
1097 1693 1218 1761 audiente

166 1798 226 1882 egit
248 1806 358 1871 orator,
383 1794 463 1879 quod
487 1815 547 1858 non
572 1795 601 1858 in
627 1794 772 1858 rnernoria
787 1814 855 1858 rnea
870 1794 994 1879 penitus
1010 1796 1162 1862 insederit..
1177 1793 1217 1857 lta-

167 1919 226 1983 que
247 1918 301 1983 ego
325 1898 359 1972 is
387 1898 436 1981 qui
468 1918 544 1973 surn,
574 1907 835 1981 tpranluscurnque
860 1915 928 1961 sum
958 1897 998 1961 ad
1029 1897 1215 1969 iudicandum,

166 2000 308 2065 omnibus
330 1999 440 2064 auditis
462 1999 642 2075 oratoribus,
665 1999 731 2063 sine
753 2001 815 2064 ulla
832 1998 1023 2066 dubitatione
1039 2001 1082 2066 sic
1096 2011 1182 2066 statuo
1193 2006 1215 2061 et

167 2104 274 2180 iudico,
299 2103 455 2168 nerninenr
478 2102 615 2167 omniurn
640 2113 681 2166 tot
701 2112 729 2165 et
753 2111 845 2179 tanta,
866 2111 979 2186 quanta
995 2104 1058 2168 sint
1073 2104 1105 2168 in
1120 2102 1214 2168 Crasso.

92 2217 140 2270 -1-23
168 2207 308 2272 habuisse
331 2215 509 2270 ornarnenta
536 2203 665 2269 dicendi.
711 2204 807 2287 Quam
831 2204 869 2269 ob
893 2224 969 2282 rent,
993 2205 1018 2270 si
1042 2227 1095 2271 vos
1117 2218 1214 2291 quoque

168 2311 224 2374 lroc
245 2309 326 2375 idern
350 2307 537 2383 existimatis,
562 2327 623 2371 uon
646 2307 714 2382 erit,
738 2316 771 2371 ut
793 2306 912 2391 opinor,
929 2306 1037 2392 iniqua
1051 2300 1212 2394 partitiosl

166 2432 234 2477 curn
258 2433 311 2498 ego
338 2412 417 2477 ltunc
438 2420 599 2486 oratorem,
616 2428 707 2493 quern
725 2408 911 2494 cauciago,
931 2418 965 2473 ut
979 2409 1109 2486 institui,
1123 2421 1213 2474 creato,

167 2517 281 2590 aluero,
308 2514 508 2590 confirmatu,
542 2511 659 2576 tradant
690 2530 761 2576 etun
791 2509 896 2575 Crasso
924 2520 954 2575 et
985 2512 1169 2578 vestiendum
1190 2512 1211 2568 el

168 2616 350 2681 ornandum.

92 2728 139 2779 124
209 2717 286 2783 Turn
306 2718 441 2783 Crassus:
476 2717 521 2784 Tu
540 2737 622 2793 vero,
639 2716 747 2800 inquit,
764 2715 885 2790 Antoni,
901 2734 1004 2801 perge,
1020 2726 1055 2780 ut
1070 2704 1211 2779 instituisti.

208 2946 852 3002 cap.xxvnl.-121.semet=0rumoi.—
863 2947 902 2990 od
920 2945 1019 2999 fidem
1038 2942 1213 2999 factendam·

167 3020 261 3064 Fidem
273 3021 360 3074 facore
373 3019 422 3068 (cui
438 3019 457 3063 si
470 3033 567 3073 oppone
573 3020 656 3073 sidem
667 3018 776 3067 deiicere)
790 3018 860 3061 vole:
875 3016 963 3060 render
978 3015 1106 3071 credibile,
1115 3030 1128 3060 e
1137 3003 1212 3067 quilii

167 3091 319 3143 clirnostrare,
334 3103 446 3144 provere.

234 3198 303 3242 122.
322 3196 446 3241 (Jalula.
468 3195 574 3240 Antonio
596 3194 616 3239 si
639 3194 733 3245 rivolpc
748 3208 763 3237 o
777 3193 872 3246 Catulo,
893 3191 939 3236 fine
961 3183 1215 3237 oonosoitorocamico

167 3266 603 3321 de'Greciclnzlr'llsorol'l-oron
625 3277 776 3309 reverens
798 3262 997 3307 adsentandi
1017 3260 1215 3318 suspicionem

166 3360 193 3373 =
207 3355 280 3384 senza
295 3348 372 3383 tentor
387 3340 411 3382 la
429 3337 506 3381 tuccia
523 3337 547 3380 (li
562 3336 699 3380 adulatore.
713 3359 738 3366 —
753 3335 946 3379 neminem...
965 3337 1136 3379 oratorem.
1150 3327 1216 3374 Nerio
1254 3350 1257 3361 =

167 3412 187 3454 si
196 3424 241 3455 uso
256 3411 339 3455 invece
351 3410 375 3454 di
386 3410 477 3454 rzrcllns
488 3422 533 3452 con
544 3407 673 3452 sostantivi
685 3406 707 3450 cll
719 3420 865 3460 personu-
879 3404 1113 3458 illustriorem,
1128 3405 1217 3453 compti·
1255 3396 1257 3407 '

167 3495 212 3525 con
228 3495 299 3524 senso
314 3481 337 3523 di
352 3480 425 3534 posit.
440 3503 465 3510 -
481 3491 569 3533 piceno
589 3480 679 3521 aelos
699 3480 812 3521 nostro
832 3462 1217 3528 tulerit.Vedt1‚1aonoracle

167 3551 252 3603 parole
272 3564 346 3604 prtem
363 3551 468 3604 qtctoem
480 3548 611 3603 probaret.
626 3571 651 3577 —
666 3560 800 3601 sperare
824 3546 933 3590 videor
946 3545 1020 3588 =1ni
1040 3545 1113 3597 giora
1127 3538 1219 3587 credere·

172 3620 267 3665 Videor
277 3621 328 3665 solo
339 3636 352 3664 o
364 3634 409 3664 con
421 3621 486 3664 rtrihi
501 3619 566 3663 vale:
581 3618 663 3672 credo,
677 3630 761 3672 penso.
776 3632 789 3660 e
804 3616 892 3661 unche:
911 3614 985 3659 credo
1000 3614 1081 3659 lecito.
1096 3637 1121 3645 -
1135 3616 1217 3667 qual·

168 3695 357 3747 luscumque
383 3706 454 3736 snm
509 3703 554 3744 per
569 3693 661 3743 qrrorrto
677 3690 699 3733 lo
714 3690 795 3741 volgo.

234 3799 304 3842 12³.
320 3798 437 3850 tortora-o
453 3794 602 3851 partilio.
622 3794 670 3839 Per
684 3794 796 3838 tranlurro
812 3793 882 3847 bene,
896 3791 1013 3837 ricorduti
1023 3791 1068 3836 che
1079 3780 1219 3844 turocaelo

162 3881 216 3913 oon
234 3881 319 3924 acquic
334 3882 347 3912 e
357 3868 475 3924 partilio
490 3866 556 3912 vole:
570 3865 744 3920 partitionem
755 3865 851 3920 facere.
