2526 4246
511 194 545 234 Μ.
564 192 669 235 TULLII
687 191 852 235 CICERONIS

354 404 467 491 Ecquis
488 405 545 468 ltoe
566 401 811 468 animadvortit?
833 403 943 467 eimeite
946 449 995 470 .....

141 593 170 649 et
193 584 300 649 Atreus
334 584 398 651 sere
425 594 513 651 totns,
537 582 626 650 Aliud
654 582 809 649 miseratio
837 603 871 648 ae
904 602 1030 657 moeror,
1062 575 1172 649 flexibile,

141 687 278 771 plenum,
302 687 519 775 interruptum,
545 685 638 752 ssebili
663 706 750 752 voce:

213 846 279 927 an
301 867 387 912 nano
409 843 621 911 mavortem?
644 845 728 931 qaool
749 845 808 909 iter
829 845 979 928 iaetioiom
1001 839 1127 930 morell?
1224 836 1228 844 ’

213 944 352 1009 Damam
371 942 601 1030 patereamael
623 964 704 1008 anna
726 943 768 1008 ad
790 941 897 1007 Peliae
916 941 1022 1028 filios?
1234 938 1237 947 '

140 1128 170 1183 et
191 1117 259 1181 illa:

339 1252 484 1338 Opone,
510 1254 663 1338 oenatria,
688 1275 705 1317 o
729 1251 857 1317 Priami
877 1253 1013 1318 domas!

140 1472 168 1527 et
192 1480 269 1546 quae
292 1471 479 1546 sequuntur:

416 1613 500 1680 Haeo
522 1614 628 1677 ommia
649 1614 718 1678 vicli
737 1613 944 1696 inflammari,

419 1717 551 1782 Priamo
573 1716 607 1780 ei
628 1717 722 1781 eitam
745 1717 864 1781 evitari.

63 1921 115 1975 218
142 1902 230 1967 Aliud
253 1913 362 1979 metus,
378 1901 545 1970 demissum
567 1912 597 1968 et
620 1902 773 1968 haesitans
796 1912 826 1968 et
847 1902 1017 1968 abiectum:

184 2074 289 2139 Mallio
302 2096 373 2139 sam
384 2077 485 2141 maelis
497 2078 732 2153 eireamvemttts,
742 2075 859 2154 morbo,
868 2077 975 2140 exsilio
988 2087 1078 2161 atqme
1087 2070 1191 2156 loono

192 2176 274 2241 Tam
285 2198 386 2260 pavor
399 2178 583 2260 sapientiam
598 2197 720 2242 omnem
735 2179 782 2242 mi
795 2178 971 2242 enaaimoto
991 2184 1166 2260 earneetoron

184 2279 283 2344 illator
298 2280 466 2343 terribilem
481 2281 623 2344 alietatem
637 2281 717 2344 vitae
732 2281 907 2344 orreoiotam
922 2290 950 2344 et
964 2300 1077 2356 aecem,

188 2381 273 2462 ano
295 2403 384 2446 memo
406 2393 448 2445 est
471 2394 533 2447 tam
551 2384 644 2467 firmo
667 2383 790 2466 inaem'o
810 2393 836 2445 et
858 2392 944 2446 tomo
967 2381 1154 2467 eonfiamtio,

188 2483 273 2564 Qairt
295 2486 433 2568 refaaiot
455 2486 562 2549 timielo
584 2504 725 2569 saroam
748 2495 838 2569 atque
859 2483 1029 2549 exalbescat
1053 2495 1141 2548 meta.
1235 2552 1237 2563 ,

65 2720 117 2774 219
143 2688 231 2753 Arion
255 2689 310 2766 vis,
335 2699 521 2767 contentum,
551 2689 728 2767 vehemenS,
758 2689 925 2754 imminens
952 2691 1086 2775 quadam
1115 2686 1202 2755 innin-

141 2789 226 2853 tione
247 2790 421 2874 gravitatis:

142 3061 263 3120 Eeqar'e
288 3062 355 3116 leoo,
378 3075 427 3107 eoo.
448 3062 528 3108 Verso
550 3063 688 3108 dell'Atreo
710 3062 735 3108 di
749 3063 832 3109 Accio.
846 3087 873 3095 -
887 3063 950 3119 Quo
969 3078 1066 3120 nmmo,
1082 3080 1131 3113 eoo.
1144 3062 1202 3112 nan

141 3132 235 3178 Medea
256 3133 317 3178 exal
339 3133 363 3178 di
385 3134 471 3178 Ennio,
492 3134 504 3177 I
529 3134 594 3178 versi
615 3146 674 3178 sono
694 3134 799 3180 trimetri
821 3133 944 3187 giembiei.
972 3159 999 3167 —
1022 3142 1148 3184 vortam
1169 3144 1204 3189 ner

142 3209 251 3259 vortam,
265 3218 336 3257 cong.
351 3204 498 3249 dubitativo.
512 3228 538 3235 —-
552 3204 673 3248 Pellae.
694 3204 730 3249 Fu
746 3205 844 3250 fratello
859 3204 884 3249 di
898 3205 989 3262 Eoone,
1002 3220 1030 3252 re
1045 3208 1071 3253 di
1085 3204 1206 3261 rossigno-

141 3274 249 3329 reaper
259 3275 297 3319 for
306 3276 388 3329 perire
400 3276 515 3329 (nasone,
528 3274 595 3328 figlio
616 3275 640 3318 di
655 3275 743 3328 Esone,
758 3276 782 3321 lo
797 3273 886 3321 mando
901 3275 927 3321 in
936 3276 1011 3323 Ooleo
1027 3279 1080 3326 alla
1090 3279 1206 3336 conquisto

142 3344 181 3389 del
197 3347 261 3391 vello
277 3346 351 3391 il'oro.
365 3371 391 3378 —
406 3347 541 3401 Opater.
556 3345 619 3390 Vedi
635 3350 644 3395 9
660 3347 706 3391 102.
721 3369 747 3378 -
760 3347 861 3392 vitam
882 3349 1005 3394 evitari
1026 3355 1066 3397 sta
1079 3366 1125 3407 per
1138 3354 1207 3398 ritant

141 3417 216 3469 eripi,
237 3418 292 3461 ella
313 3418 433 3472 spoliari.
447 3417 475 3460 In
491 3417 524 3460 tal
540 3430 611 3461 senso
631 3417 695 3461 evito
710 3417 723 3461 e
739 3417 844 3463 aroaieo.

209 3530 279 3574 218.
294 3529 406 3585 Aliud,
421 3533 477 3574 soit.
487 3530 538 3574 eibi
551 3533 647 3583 sumat,
657 3530 737 3574 idest:
751 3532 902 3584 demissam,
917 3545 967 3576 eoo.
978 3557 1002 3565 -
1011 3533 1131 3582 Mmltr'e
1151 3543 1209 3581 eum

141 3600 211 3642 mod
217 3600 253 3645 lo.
262 3635 267 3645 .
276 3599 358 3645 ,Verni
367 3600 503 3644 tetrametri
514 3600 616 3644 troaniei
627 3601 680 3645 tolti
689 3600 891 3647 dall'Aleamaeo
901 3601 925 3645 di
934 3602 1021 3648 Ennio.
1031 3628 1058 3636 —
1069 3614 1213 3662 samaria,

141 3668 240 3713 areaieo
261 3681 306 3722 per
319 3671 436 3723 sanquis.
456 3669 619 3723 Refitat'al...
639 3683 758 3725 samonem
774 3690 800 3707 --
816 3673 837 3716 ΙΙ
856 3685 950 3724 sangue
965 3673 986 3717 si
1006 3677 1126 3731 raooolga
1146 3678 1169 3721 in
1184 3686 1211 3718 un

141 3737 219 3786 punto
236 3733 274 3778 del
290 3747 373 3788 corpo,
387 3750 400 3779 o
416 3735 513 3790 quindi:
528 3736 549 3780 ni
564 3738 620 3790 geli.

208 3849 279 3894 219.
298 3847 401 3895 Aliud
425 3849 483 3903 aio,
507 3855 562 3896 sott.
581 3853 665 3897 Aliael
688 3855 756 3899 ooer'e
779 3868 860 3910 oortue
883 3855 935 3899 eibi
957 3861 1050 3902 sumat
1072 3859 1122 3916 vie,
1145 3861 1215 3906 iamt:

129 3925 293 3979 cernentum,
317 3934 368 3969 eoo.
390 3947 417 3955 -
441 3922 643 3970 incitatione
667 3925 856 3979 oraoitatie,
872 3937 921 3967 eon
936 3926 1054 3978 energiae
1070 3930 1176 3983 gravitr.
1192 3949 1215 3960 -
