2526 4246
139 194 190 249 :titt
506 207 541 247 n.
560 206 665 247 runnu
684 204 848 247 cremnorum

184 314 252 381 LV.
276 312 360 396 Quae
374 312 500 399 quidem
516 322 554 389 te,
571 310 685 389 Crasse,
702 310 802 388 video,
818 309 921 396 inquit
938 308 1033 387 Cotta,
1049 308 1123 395 quod
1135 316 1189 373 nota
1245 306 1251 347 ἒ

140 438 205 483 osse
222 416 308 481 uoltis
324 426 421 501 putes
434 417 501 480 sine
520 413 753 480 delinitionibus
769 423 799 479 et
813 413 881 478 sine
897 412 1049 498 exemplis
1065 410 1192 478 eliudisse.
1248 410 1251 417 '

141 520 200 605 Ego
219 539 306 593 roro,
330 518 430 603 inquit
451 516 592 594 Crassus,
616 536 655 581 ne
678 516 732 581 illa
755 515 900 601 quidem,
924 535 1004 600 quae
1026 512 1195 601 supradixi,

142 643 219 688 nora
249 621 336 687 rolris
358 642 423 687 esse
452 618 641 696 arbitrabar,
665 618 718 684 sed
741 618 1055 685 voluntali'vestrum
1078 616 1197 683 omnium

63 742 116 795 209
140 725 240 811 parui.
287 723 337 788 llis
359 734 461 789 autern
477 722 515 788 de
539 722 629 787 rebus
645 722 688 786 sol
713 740 763 787 me
778 720 831 786 ille
853 720 1026 798 admonuit,
1046 730 1078 785 ut
1096 718 1200 785 brevior

141 848 249 905 essem,
267 827 318 912 qui
343 827 408 912 ipse
431 827 491 891 iam
514 824 718 911 praecipitans
732 844 783 889 me
797 843 920 909 quoque
937 823 1013 889 haec
1026 823 1202 909 praecipitem

141 950 240 1017 paene
263 931 406 995 evolvere
428 928 532 1014 coegit.
557 926 616 992 Sed
632 936 735 992 tamen
757 926 847 992 huius
861 927 986 1012 generis
1005 924 1204 991 demonstratio

141 1043 185 1098 est
209 1044 236 1097 el
262 1032 398 1096 doctrina
421 1031 487 1117 ipsa
510 1029 664 1114 vulgaris3
688 1050 761 1094 usus
780 1038 883 1094 autem
908 1030 1109 1116 gravissimus
1132 1039 1159 1094 et
1179 1027 1203 1091 in

64 1148 116 1203 210
144 1135 199 1200 lroc
216 1145 275 1200 tolo
298 1134 417 1199 dicendi
442 1134 542 1199 studio
557 1132 769 1198 difficillimus.
814 1131 912 1216 Quam
928 1132 969 1198 ob
985 1153 1063 1211 rem,
1078 1131 1206 1219 quonian

143 1237 181 1303 de
199 1247 309 1302 ornatu
324 1237 407 1301 omni
425 1236 571 1301 orationis
586 1246 657 1301 sunt
673 1255 791 1313 omnes,
808 1235 832 1300 si
850 1254 912 1299 non
928 1237 1084 1321 patefacti,
1099 1244 1207 1301 atcerte

142 1338 369 1406 commonstrati
393 1339 460 1414 loci,
485 1358 567 1404 nunc
582 1337 655 1423 quid
671 1347 778 1424 aptum
793 1337 841 1415 sit,
857 1336 915 1403 hoc
929 1348 986 1415 est,
999 1338 1077 1425 quid
1090 1337 1208 1403 maxine
1241 1348 1244 1355 '

143 1445 246 1511 deceat
262 1444 293 1508 in
305 1443 443 1509 oratione
455 1442 622 1507 videamus.
637 1440 828 1526 Quamquam
841 1439 873 1504 id
884 1439 1013 1525 quidem
1025 1441 1206 1527 perspicuum
1245 1508 1251 1525 ¹

143 1558 197 1625 est,
214 1566 275 1612 non
292 1546 374 1611 omni
391 1565 497 1611 causae
520 1565 575 1609 nee
596 1543 727 1609 auditori
744 1563 844 1629 neque
858 1563 1012 1628 personae
1032 1564 1132 1631 neque
1146 1555 1206 1611 ten-

66 1657 116 1711 211
144 1650 211 1735 pori
234 1668 401 1735 congruere
423 1647 568 1714 orationis
590 1666 688 1711 unum
703 1666 808 1732 genus.
853 1643 930 1710 Nam
946 1656 977 1711 et
992 1667 1102 1714 causae
1115 1644 1208 1733 capitis
1248 1648 1251 1655 '

144 1752 240 1817 alium
250 1750 403 1836 quendam
414 1750 579 1815 verborum
591 1767 701 1813 sonum
714 1748 884 1832 requirunt,
893 1747 992 1813 alium
1005 1769 1112 1815 rerum
1123 1748 1210 1835 prira-

145 1864 244 1918 tarum
262 1863 547 1937 att1ueparvarum;
567 1861 596 1916 el
618 1850 701 1916 aliud
721 1849 840 1916 dicendi
856 1869 954 1936 genus
973 1850 1210 1923 deliberationes,

145 1954 227 2021 aliud
251 1953 449 2030 laudationes,
473 1953 556 2020 aliud
578 1953 688 2018 iudicia
702 1957 805 2038 [atque
819 1952 1003 2039 sermonesl,
1019 1954 1105 2020 aliud
1122 1972 1210 2020 conso-

145 2057 227 2135 latio,
243 2056 326 2122 aliud
341 2056 520 2143 obiurgatio,
532 2055 615 2121 aliud
631 2054 805 2141 disputatio,
818 2053 903 2120 aliud
919 2054 1049 2122 historia
1062 2057 1209 2123 desiderat.

146 2161 248 2227 Relert
270 2160 361 2226 etiam
378 2159 430 2245 qui
453 2159 588 2235 audiant,
605 2168 727 2223 senatus
750 2177 789 2223 an
803 2158 937 2243 populus
957 2178 999 2223 an
1022 2160 1149 2239 iudices3
1165 2158 1211 2223 lre

147 2274 275 2350 quentes
296 2284 335 2328 an
358 2262 445 2347 pauci
468 2281 507 2326 an
531 2260 653 2346 singuli,
676 2270 707 2326 et
722 2261 845 2345 quales:
868 2259 991 2345 ipsique
1013 2272 1212 2347 oratoresque

147 2367 208 2430 sint
229 2376 335 2442 aetate,
353 2365 479 2441 honore,
496 2363 681 2439 auctoritate,
698 2362 788 2427 debet
803 2361 916 2442 videri;
934 2372 1068 2450 tempus,
1085 2365 1163 2451 pacis
1178 2382 1209 2428 au

188 2554 262 2608 cap.
277 2554 340 2598 LV.
355 2577 380 2584 —
395 2553 471 2598 208.
487 2552 649 2608 essndieoe
662 2570 688 2587 =
703 2565 763 2597 ever
776 2551 844 2597 detto
854 2550 878 2595 di
889 2551 954 2605 volo,
963 2555 1114 2600 versandole
1125 2570 1139 2600 a
1150 2554 1213 2609 piene

147 2626 220 2679 mani,
234 2638 308 2669 senza
322 2623 450 2668 arrestarti
464 2624 509 2679 piu
523 2623 568 2669 che
583 2626 651 2668 tanto
666 2637 681 2667 a
697 2622 807 2667 dolinirle
823 2635 835 2666 e
851 2621 928 2668 derne
944 2625 1062 2679 esempii.
1082 2650 1109 2658 —
1119 2623 1215 2682 parui,

45 2719 47 2722 ⁴
146 2696 178 2740 ho
192 2696 277 2740 voluto
291 2695 414 2740 ubbidire.

214 2777 289 2821 2⁰¹).
300 2778 548 2832 praecipitans,
562 2781 618 2823 solt.
629 2778 664 2821 ad
678 2789 806 2822 occasum.
820 2776 845 2822 Si
859 2776 950 2822 ricordi
965 2778 1011 2824 che
1027 2779 1053 2825 le
1068 2780 1166 2836 disputo
1178 2791 1210 2823 erc

147 2846 294 2892 comineiota
304 2846 430 2892 inclinato
441 2848 496 2891 laen
511 2850 539 2892 in
549 2849 781 2904 posmeridianum
790 2851 893 2903 lempna
904 2848 959 2901 ata·
969 2852 1022 2899 517.
1032 2874 1060 2882 -
1075 2852 1176 2898 doctri
1180 2860 1213 2895 nc

147 2919 220 2974 ipsa
234 2935 260 2952 =
274 2916 370 2961 anchei
383 2916 495 2971 procelli.
510 2941 536 2948 —
550 2919 763 2973 pravissimus
778 2937 803 2954 =
819 2917 884 2963 delle
897 2917 943 2972 piu
952 2920 1049 2971 grande
1064 2922 1212 2977 importunae.

214 3001 284 3046 210.
300 3001 451 3055 quostiam
470 3001 576 3046 enuncia
594 3002 619 3046 la
638 3003 763 3047 transitio
782 3001 840 3046 dell’
849 3005 995 3054 argomento
1014 3006 1166 3058 precedente
1181 3002 1212 3055 llll

148 3077 254 3119 ornatu.
263 3108 281 3120 ..
300 3073 438 3124 orationis)
453 3072 649 3126 ell’argomento
664 3077 783 3125 seguente
798 3076 876 3125 (nnnc
890 3073 954 3127 qaia
968 3077 1067 3129 aptum
1081 3077 1133 3132 sil).
1145 3071 1213 3122 Notiui

148 3144 193 3189 che
207 3144 273 3188 nella
288 3143 396 3189 soconda
409 3147 481 3198 perte
497 3143 564 3188 dello
578 3143 704 3188 transitio
720 3142 740 3188 si
755 3144 865 3197 adopere
879 3142 904 3187 di
919 3143 993 3189 solito
1007 3144 1025 3188 il
1042 3159 1115 3201 cong.
1133 3152 1214 3193 esortc·

147 3214 198 3259 tivo
213 3215 375 3265 (uideamus),
389 3228 402 3259 ο
418 3213 496 3258 anche
512 3213 528 3257 il
548 3213 631 3258 futuro
653 3227 667 3258 o
688 3214 705 3257 il
725 3213 874 3270 gerundiv03
893 3227 906 3257 e
926 3213 971 3258 che
991 3229 1007 3260 a
1025 3219 1155 3272 quonlam
1173 3214 1214 3272 pud

147 3285 282 3337 precedere
298 3298 387 3339 qnare,
403 3297 484 3339 qnam
499 3285 529 3327 ob
543 3295 609 3338 rent,
622 3288 653 3337 et,
667 3286 719 3328 sed.
733 3308 760 3316 —
781 3288 878 3336 certe,
896 3296 965 3329 come
980 3284 1036 3330 diee
1052 3287 1070 3331 il
1087 3284 1218 3337 Porcellini,

148 3355 292 3409 aliqnando
312 3357 453 3411 confirmat
472 3354 588 3409 attidem,
608 3356 769 3400 sedtantnne
784 3369 814 3400 en
824 3358 967 3411 parteseae
982 3357 1217 3416 aliqnaconflrma·

148 3424 227 3468 tlortio
241 3426 431 3478 terminatione,
445 3427 484 3469 ita
498 3429 528 3469 nt
542 3426 596 3479 sere
607 3438 658 3480 pro
673 3436 773 3470 sunnam
792 3429 927 3481 ponatur:
945 3427 1053 3483 almeno,
1071 3432 1184 3476 tuttavla.
1194 3450 1216 3459 -

152 3493 347 3561 §itomanam
368 3496 410 3549 qui
433 3495 593 3541 eeorrcttivo
613 3496 721 3541 eforme
735 3511 785 3541 una
801 3509 901 3551 propos.
923 3496 1111 3551 indipendenle.
1127 3525 1153 3534 -
1171 3510 1217 3546 nec

147 3566 237 3613 (omni)
255 3566 404 3620 auditori,
422 3579 521 3619 neone
539 3568 628 3616 (orienti
643 3579 801 3621 personae
819 3580 918 3622 neone
932 3569 1022 3620 (omne)
1037 3573 1184 3628 tempori.
1197 3590 1216 3601 -

148 3655 174 3662 -
195 3647 370 3689 conponere
391 3634 462 3688 oqui
477 3635 515 3678 col
530 3635 591 3690 dat.;
610 3651 650 3681 rna
671 3636 715 3691 piu
734 3651 820 3692 spesso
844 3637 864 3682 si
885 3651 931 3682 use
952 3650 1000 3683 eon
1018 3653 1088 3686 cnm.
1110 3667 1138 3675 -
1159 3654 1219 3689 ora·

149 3703 285 3750 tionis...
298 3716 403 3758 aenne,
419 3704 482 3757 stile,
492 3704 536 3748 cho
548 3705 624 3751 dieesi
635 3707 724 3752 anche:
737 3721 819 3763 penne
834 3709 937 3753 dicendi
951 3721 965 3753 o
980 3711 1116 3758 scribendi
1129 3724 1217 3770 oppurr

149 3775 240 3821 oratio.

200 3860 265 3906 211.
282 3869 394 3905 rernm
407 3858 621 3916 priuatarum
641 3865 737 3917 atque
757 3875 940 3918 parvarum
955 3863 968 3908 d
983 3868 1049 3911 retto
1065 3867 1110 3914 dn:
1124 3882 1221 3915 caueae·

132 3958 161 3967 -
176 3934 296 3993 Refert
309 3930 483 3989 liutperto)...
496 3931 551 3987 qni
570 3934 714 3979 audiant
724 3952 752 3969 =
762 3935 808 3988 aut
821 3934 875 3977 sint
889 3933 936 3986 qai
948 3934 1061 3978 enatant
1070 3961 1104 3982 .—
1115 3938 1221 3986 uideri.
