2526 4246
200 152 243 197 rm
260 157 407 199 onnrona
423 158 486 199 mn.
510 159 547 207 11,
567 157 638 200 cur.
656 159 830 209 xcii-xciv,
850 159 967 211 casa-tae
1071 143 1119 197 181

75 261 140 327 enin
157 262 229 329 olim
250 262 463 349 loquebantur;
492 263 623 331 'Horum
646 264 738 352 igitur
751 265 926 350 exprimere
940 283 1041 330 mores
1056 284 1120 330 ora·
1148 269 1198 325 184

77 357 137 425 tione
156 361 255 440 iustos,
280 362 423 449 integrae,
444 362 611 449 religiosos,
634 362 766 440 timidos,
789 362 979 448 perferentes
994 362 1120 429 iniuria·

77 475 128 522 ram
145 459 256 526 mirum
278 460 425 546 quiddam
446 462 544 541 valet3
568 471 598 527 et
621 461 677 527 hoc
698 461 748 526 vel
777 461 809 526 in
832 460 992 547 principiis
1014 462 1063 526 vel
1086 461 1120 525 in

77 558 1120 645 mmmfflmffimmmmmmmmwmmdmma

76 650 172 721 sileret
186 677 256 723 oum
272 676 363 729 sensu
378 667 548 734 tractatum,
565 666 598 725 ut
612 677 701 743 saepe
715 659 785 743 plus
800 676 892 742 quarn
907 677 996 722 causa
1008 658 1118 723 valeat.

75 747 177 821 Tantum
200 766 304 822 autem
326 756 455 823 efficitur
475 776 568 822 sensu
590 755 721 842 quodam
744 777 778 822 ac
800 755 916 821 ratione
939 755 1069 831 dicendi,
1086 766 1120 821 ut

74 853 138 931 qnasi
157 874 257 921 mores
279 855 407 921 oratoris
435 855 560 942 effingat
591 855 696 921 oratio.
730 852 848 920 Genere
880 854 963 919 enim
986 853 1119 939 quodam

74 948 1117 1040 mmmmmfflmwwmmmmmmmmm

74 1041 284 1136 facilitatemque
305 1043 498 1138 significanti,
520 1051 660 1129 efficitur,
684 1063 717 1116 ut
739 1051 838 1136 probi,
855 1061 888 1116 ut
903 1051 982 1117 bene
998 1051 1117 1128 morati,

73 1154 97 1206 nt
113 1145 176 1212 boni
199 1149 258 1213 viri
282 1169 347 1214 esse
368 1149 538 1215 videamur.

102 1241 214 1314 xciv.
239 1246 313 1313 Huic
334 1258 435 1321 autem
457 1258 503 1314 est
526 1246 579 1312 illa
595 1246 699 1333 dispar
713 1246 853 1312 adiuncta
870 1247 946 1312 ratio
961 1247 1117 1326 orationis,
1146 1256 1197 1311 185

71 1357 129 1423 quae
147 1345 206 1411 alio
228 1346 360 1430 quodam
382 1366 494 1431 genere
515 1356 634 1411 mentes
661 1344 795 1415 iudicum
824 1355 983 1430 permovet
1013 1345 1119 1431 impel-

71 1435 151 1525 litque,
174 1454 208 1509 ut
230 1454 284 1509 aut
305 1444 426 1510 oderint
446 1455 499 1511 aut
520 1443 648 1530 diligant
670 1453 723 1509 aut
744 1443 903 1515 invideant
925 1455 976 1508 aut
999 1444 1118 1509 salvum

71 1539 145 1604 volnt
166 1552 218 1608 aut
240 1551 379 1607 anetuant
401 1553 453 1608 aut
478 1552 603 1627 sperent
631 1552 684 1607 aut
712 1542 836 1626 cupiant
858 1551 909 1606 aut
931 1541 1119 1606 abhorreant

70 1647 108 1701 ant
125 1640 273 1706 laetentur
292 1650 344 1707 aut
357 1650 515 1706 maereant
529 1650 581 1706 aut
596 1640 800 1706 misereantur
815 1649 867 1704 aut
881 1638 1008 1725 poenire
1023 1638 1119 1704 velint

68 1745 108 1798 ant
125 1738 158 1803 ad
180 1759 232 1804 eos
247 1749 347 1805 motus
362 1738 560 1815 deducantur,
576 1738 601 1803 si
617 1738 669 1823 qui
687 1737 810 1803 linitimi
827 1748 899 1803 sarit
910 1746 940 1802 et
950 1737 1115 1822 propinqui

72 1826 151 1901 hisae
171 1836 285 1903 talibus
307 1836 402 1902 animi
429 1836 682 1923 permotionibus.
728 1836 824 1921 Atque
849 1836 926 1902 illud
948 1835 1116 1920 optandum
1144 1846 1195 1899 186

71 1934 1170 2021 mmmmfflfflmmemmwmmmmm'

69 2020 111 2108 ipsi
129 2031 266 2098 adferant
287 2031 325 2097 ad
347 2052 467 2097 causam
490 2031 602 2097 iudices
625 2030 662 2096 ad
686 2031 727 2105 id,
749 2031 830 2116 quod
852 2032 967 2096 utililas
989 2032 1117 2118 oratoris

69 2118 1115 2206 mmmmmfflmdmmffmmmmmmmmmm,

69 2216 1117 2314 mmmmmmmmmffimfflmm

67 2331 107 2385 ant
123 2326 176 2391 erit
196 2325 364 2404 obscurius,
386 2326 463 2392 sicut
484 2325 601 2391 medico
624 2325 772 2411 diligenti,
795 2325 975 2410 priusquam
990 2335 1117 2391 conetur

67 2422 1116 2503 mmfflmmmfflmwmmmmwmm

66 2510 116 2581 deri
135 2525 223 2600 volet,
247 2522 299 2588 sed
322 2523 414 2587 etiam
436 2522 621 2588 consuetudo
645 2522 774 2586 valentis
797 2531 827 2587 et
849 2532 957 2587 natura
981 2522 1116 2607 corporis

69 2652 334 2675 x...—

65 2713 91 2762 ati
102 2722 167 2767 animi
185 2723 212 2768 in
231 2722 324 2768 favore.
338 2746 364 2754 -
377 2724 464 2769 elo...
483 2724 559 2768 olim
581 2724 799 2778 lacerabantur
812 2745 839 2757 ν-
854 2724 887 2768 tal
903 2737 945 2767 era
967 2723 983 2767 il
1003 2724 1076 2769 modo
1091 2724 1116 2767 di

65 2776 104 2828 liu
116 2788 177 2842 regn
191 2788 293 2841 onorem,
307 2788 360 2834 orne
375 2789 399 2833 aa
415 2789 525 2834 curamur
540 2789 576 2834 rer
591 2789 667 2843 quern
682 2789 734 2842 one,
749 2802 798 2833 ece.

114 2882 180 2926 184.
200 2881 333 2926 timidos
353 2881 420 2924 vale:
437 2880 548 2934 modesti,
562 2880 690 2932 moderati,
705 2879 873 2930 disereti;non
889 2879 940 2933 gia:
956 2879 1041 2930 tirnidi,
1055 2895 1117 2933 pou·

64 2942 139 3012 fld-
155 2948 275 2993 mirum
293 2947 443 3001 quiddam
466 2947 564 2999 valet,
587 2946 618 2990 ha
640 2960 689 2990 una
708 2946 885 2990 straordinario
910 2945 1070 2999 importonza.
1091 2970 1116 2977 -

63 3013 88 3050 *π
109 3026 139 3059 re
164 3013 350 3059 narranda.
372 3013 479 3058 Potresti
500 3013 589 3057 render
610 3017 673 3057 tutto
695 3025 741 3057 con
760 3026 792 3056 un
816 3012 973 3057 sostontivol
996 3036 1021 3043 —
1041 3026 1117 3056 orca-

62 3073 128 3124 Πίον
149 3084 177 3125 ct
198 3093 269 3124 cum
289 3079 535 3124 sercou-inmodo
550 3078 690 3123 insinuante
706 3091 718 3123 e
735 3079 848 3123 delicato.
863 3101 889 3110 -
902 3091 997 3132 quam
1016 3091 1116 3122 eausa

61 3153 81 3172 *
91 3143 129 3190 che
138 3147 162 3192 lo
171 3151 252 3192 stesso
261 3145 337 3191 bento
346 3144 413 3190 della
423 3159 506 3189 causa.
517 3169 542 3176 -
556 3158 653 3190 seusu
662 3180 667 3190 .
676 3180 695 3191 ..
707 3158 742 3188 ac
760 3146 900 3189 ratione.
915 3143 979 3188 Noto
993 3143 1117 3187 l'endiadi.

61 3200 118 3256 eone
131 3212 258 3258 tradurla?
273 3234 299 3242 --
312 3211 442 3266 prout...
461 3213 536 3256 boue
556 3212 712 3257 morati...
731 3212 815 3255 boui.
838 3210 903 3254 Noto
924 3209 948 3253 la
963 3210 1115 3263 prodactae

60 3276 139 3344 altrice
153 3287 221 3341 dagli
235 3285 328 3331 uomini
342 3286 422 3331 onesti
436 3286 533 3340 (probel
550 3287 597 3338 ogl’
606 3285 703 3339 illustri,
717 3285 740 3329 ai
755 3285 831 3330 nobili
846 3284 931 3339 (boni).

87 3383 156 3439 (lap.
171 3383 287 3428 xmv.
302 3405 328 3414 -
343 3383 411 3426 185.
425 3386 474 3427 aot
488 3397 520 3427 vo
530 3382 661 3436 congiunta
672 3395 717 3427 oon
728 3383 862 3427 adiuncta.
876 3404 902 3411 —
912 3380 1057 3434 poenire,
1070 3394 1120 3441 per·

56 3452 143 3503 contre,
153 3451 165 3495 d
176 3449 283 3495 oreaico.
293 3448 317 3493 Si
328 3453 398 3493 trova
409 3462 493 3502 oposso
502 3449 542 3493 nei
553 3448 712 3493 mnnoseritti.
724 3472 747 3482 -
762 3449 791 3492 oi
805 3448 859 3502 qui
873 3447 1015 3500 finitimi
1028 3451 1117 3501 suut,

56 3524 76 3558 se
87 3530 113 3562 ve
127 3531 156 3562 ne
171 3529 231 3562 sono
247 3514 272 3559 di
287 3514 367 3559 simili·

109 3613 177 3655 186.
191 3612 225 3655 ul
245 3609 404 3663 aliquam,
419 3621 468 3653 ccc.
482 3626 509 3643 n
523 3607 567 3653 che
583 3620 695 3660 rangono
711 3606 718 3650 i
733 3606 826 3660 giudici
847 3606 910 3661 (ipsi
930 3607 1053 3652 concorda
1070 3620 1116 3652 con

52 3673 149 3728 ludices)
161 3676 204 3729 git
218 3673 298 3720 tocohi
316 3673 339 3718 di
355 3687 401 3728 per
414 3677 440 3718 se
462 3675 494 3719 da
508 3674 713 3731 qualcheoffotto
731 3674 938 3728 (permotionem)
956 3674 1072 3718 aoconeio
1092 3675 1116 3717 al

52 3739 220 3796 bisognodelle
239 3753 322 3786 causo.
340 3764 366 3770 -
381 3741 551 3786 obscurius
565 3760 592 3773 =
607 3739 699 3784 incerto
715 3739 770 3783 anzi
785 3739 830 3783 ohe
849 3752 887 3783 no.
906 3761 932 3770 -
953 3740 1039 3783 sicut
1060 3752 1117 3783 me-

50 3807 113 3854 dico
134 3807 301 3863 aittpouti.
322 3806 358 3850 La
378 3806 589 3860 eomparazione'e
605 3806 666 3850 tolta
677 3805 717 3849 dal
732 3805 819 3858 Fedro,
832 3806 873 3849 mo
887 3805 914 3858 B,
928 3803 951 3848 di
969 3805 1117 3850 Platone.-

48 3875 237 3921 cououotudo
255 3873 399 3919 ualentis
413 3893 440 3906 -
454 3874 478 3918 ln
493 3873 602 3918 monicra
618 3871 642 3916 di
652 3871 948 3937 vireredell’nmmulato.
960 3893 987 3902 —
1001 3871 1116 3927 adare·
