2526 4246
239 165 281 205 na
298 165 445 208 oaaaoaa
462 167 524 207 mn.
544 168 581 219 11,
600 162 670 207 oua.
689 167 823 216 anx-xx,
843 169 932 218 soom
1074 157 1124 209 147

49 271 186 356 aliquam
209 280 329 356 partem
351 282 381 338 et
402 293 548 358 superare
570 273 753 339 mendosum
775 284 834 352 est;
866 283 931 339 tum
960 274 1125 340 verborum

49 369 191 434 omnium
213 368 418 448 definitiones,
441 370 474 436 in
491 371 601 456 quibus
617 391 718 456 neque
737 371 841 437 abesse
856 372 1023 457 quidquam
1040 372 1125 438 decet

52 487 152 551 neque
176 467 359 534 redundare.

93 560 173 626 XX.
199 560 260 626 Sed
283 561 339 627 hoc
359 563 383 626 si
407 563 440 626 in
462 561 530 628 iure
552 562 645 639 cirili,
665 562 689 627 si
706 563 799 628 etiam
822 563 854 627 in
877 565 981 648 parvis
997 577 1049 630 aut
1064 584 1126 630 me·
1153 581 1187 634 tlt
1220 610 1223 615 -

51 658 205 725 diocribus
230 659 320 724 rebus
346 659 495 726 doctiores
521 660 646 745 adsequi
677 670 814 746 possunt,
838 681 900 726 non
925 662 1005 728 idern
1030 663 1127 728 sentio

53 767 134 821 tanta
159 758 271 822 bacin
296 779 329 824 re
351 768 475 843 tamque
494 758 644 824 immensa
667 779 755 844 posse
781 759 855 824 lieri.
881 759 934 824 Sin
958 747 1060 826 autem
1076 763 1126 846 qui

53 856 253 932 arbitrantur,
278 855 446 922 deducendi
465 868 536 922 sunt
558 857 596 922 ad
619 877 679 934 eos,
704 857 755 942 qui
781 857 855 923 baec
876 857 1002 936 docent;
1026 859 1129 924 omnia

56 952 113 1016 iana
136 953 287 1039 explicata
311 963 341 1019 et
361 955 513 1039 perpolita
540 954 763 1039 adsequentur;
788 965 858 1020 sunt
881 956 965 1021 enim
991 957 1130 1021 innume-

57 1051 165 1116 rabiles
194 1051 233 1115 de
262 1051 309 1115 bis
337 1052 427 1118 rebus
455 1052 525 1116 libri
549 1072 649 1137 neque
672 1052 765 1117 abditi
792 1073 891 1137 neque
913 1053 1042 1120 obscuri.
1071 1054 1130 1120 Sed

57 1149 180 1214 rideant
200 1149 275 1233 quid
291 1151 400 1215 velint:
424 1150 462 1215 ad
486 1150 696 1216 ludendumne
712 1172 751 1215 au
766 1150 804 1214 ad
827 1152 1029 1237 pugnandum
1046 1174 1129 1218 arma

56 1247 113 1310 sint
136 1248 302 1332 sumpturi.
327 1248 415 1315 tlliud
439 1249 523 1314 enim
546 1269 648 1334 pugna
671 1259 701 1314 et
724 1249 812 1326 acies,
836 1250 920 1315 aliud
944 1251 1034 1317 ludus
1056 1272 1132 1317 cam-

58 1365 172 1430 pusque
197 1357 303 1410 noster
324 1346 485 1411 desiderat.
507 1346 545 1411 dc
561 1357 663 1412 tamen
686 1368 735 1412 ars
759 1348 823 1432 ipsa
842 1348 958 1413 ludicra
975 1370 1131 1415 armorum

57 1454 81 1507 et
104 1442 270 1529 gladiatori
299 1453 328 1509 et
355 1445 444 1509 militi
476 1444 599 1528 prodest
626 1445 758 1530 aliquid;
790 1445 842 1510 sed
869 1447 990 1512 animus
1013 1468 1081 1512 acer
1103 1459 1133 1513 et

58 1562 204 1625 praesens
227 1552 258 1606 et
280 1554 383 1608 acutus
406 1542 489 1608 idem
512 1552 602 1628 atque
626 1554 766 1609 versutus
789 1543 917 1608 invictos
940 1545 1022 1609 viros
1041 1545 1132 1610 efficit

60 1640 132 1723 lnon
158 1639 315 1705 difficilius
337 1651 401 1705 arte
424 1640 605 1720 coniunctal.

98 1735 202 1818 Quare
226 1734 356 1819 egotibi
381 1744 534 1800 oratorem
557 1735 599 1800 sic
621 1735 682 1798 iarn
706 1735 872 1812 instituam,
896 1735 921 1800 si
946 1746 1083 1821 potuero,
1098 1747 1132 1802 ut
1160 1751 1194 1804 85

59 1834 130 1916 quid
154 1832 279 1897 efficere
304 1833 398 1917 possit
420 1842 491 1897 ante
517 1833 710 1919 perspiciam.
739 1833 784 1897 Sit
810 1834 894 1898 enim
921 1833 998 1898 milri
1023 1834 1133 1900 tinctus

60 1932 187 2009 litteris;
212 1929 344 1995 audierit
365 1930 490 2016 aliquid,
509 1932 624 2018 legerit,
641 1931 697 1995 ista
714 1931 776 2016 ipsa
793 1942 954 2016 praecepta
970 1933 1130 2018 acceperit:

61 2029 218 2114 temptabo
241 2027 314 2113 quid
337 2028 448 2106 deceat,
473 2029 546 2113 quid
570 2049 651 2103 voce,
675 2029 748 2113 qnid
772 2029 899 2106 viribus,
916 2031 989 2115 quid
1011 2031 1131 2117 spiritu,

59 2128 132 2214 quid
156 2129 263 2214 lingua
285 2127 405 2193 efficere
431 2130 534 2213 possit.
563 2129 593 2194 Si
617 2129 792 2214 intellegam
815 2151 903 2215 posse
932 2129 969 2194 ad
998 2149 1133 2195 summos

60 2225 237 2310 peruenire,
261 2244 323 2289 non
346 2226 445 2290 solum
469 2225 623 2302 hortabor,
641 2236 673 2291 ut
691 2226 835 2302 elaboret,
852 2225 904 2290 sed
927 2226 1069 2301 etiamsi
1088 2227 1135 2291 vir

59 2344 184 2409 quoque
214 2323 312 2388 bonus
338 2322 415 2412 mibi
439 2323 593 2389 videbitur
616 2344 696 2400 esse,
725 2323 897 2388 obsecrabo.
928 2322 1057 2388 Tantum
1082 2344 1137 2410 ego

61 2422 91 2485 in
115 2422 288 2486 excellente
309 2430 429 2485 oratore
444 2431 473 2486 et
489 2420 596 2487 eodem
611 2421 691 2486 bono
707 2421 773 2485 uiro
790 2442 869 2505 pono
885 2442 949 2487 esse
962 2423 1134 2486 ornamenti

62 2521 227 2585 universae
253 2517 375 2583 civitati.
400 2518 454 2583 Sin
478 2519 640 2613 videbitur,
664 2539 732 2585 cum
752 2520 854 2584 omnia
881 2539 1000 2585 sumana
1025 2519 1137 2596 lecerit,

103 2685 180 2735 cap.
196 2683 270 2726 XX.
286 2705 313 2712 —
327 2682 379 2726 84.
395 2682 566 2732 doctiores,
580 2695 687 2735 compar.
698 2682 735 2725 col
745 2696 816 2726 senso
827 2682 850 2725 di
862 2681 1023 2735 superlativo.
1038 2706 1064 2712 —
1078 2681 1099 2725 S
1105 2683 1113 2725 i
1122 2695 1139 2727 rr

63 2754 172 2794 autem
194 2748 286 2803 qui...
311 2747 389 2793 Notisi
404 2748 448 2792 obe
466 2749 509 2791 sin
520 2753 607 2793 arctam
618 2749 687 2792 vale:
704 2763 731 2791 so
748 2748 797 2801 poi,
814 2764 840 2793 su
855 2761 901 2801 per
917 2751 1051 2804 eontrario;
1067 2762 1079 2792 e
1095 2751 1140 2803 qui

65 2816 78 2860 ἓ»
88 2829 135 2869 per
145 2815 239 2868 aliqui.
252 2837 279 2845 -
293 2815 333 2858 ad
357 2815 584 2869 ludendum...‚
601 2814 683 2859 rnetaf.
700 2829 756 2868 por:
776 2815 916 2859 ‹aseroitursi
932 2815 1100 2859 cleclunranilo.
1114 2840 1140 2846 —

65 2885 105 2927 ad
122 2881 353 2937 paeniendum
369 2881 515 2935 metalper:
527 2884 617 2925 truttar
631 2895 688 2924 vero
704 2894 777 2925 cause
793 2882 832 2925 nol
852 2880 914 2925 loro.
925 2905 952 2912 -
966 2895 1136 2936 carropera...

65 2958 121 2993 uott.
136 2947 263 3000 Martius,
277 2947 339 2991 doro
355 2946 363 2990 i
380 2948 483 2992 Romani
501 2947 617 2992 solevono
636 2947 776 2991 oseroitursi
794 2948 845 2991 ullo
855 2960 934 3001 corso,
944 2948 994 2991 ullu
1010 2949 1077 3000 lottu,
1092 2949 1140 2991 ullu

66 3015 126 3068 pilu.
141 3039 166 3044 —
182 3014 313 3059 ludicra
328 3033 355 3046 =
373 3013 432 3057 fintu
452 3013 494 3062 (da
516 3014 611 3064 ludus).
626 3037 652 3044 -
674 3014 804 3067 aliquid
818 3034 844 3047 ==
863 3027 908 3066 per
930 3014 1001 3058 alcun
1017 3028 1095 3065 verso,
1118 3014 1142 3056 in

67 3079 173 3132 qualche
198 3078 279 3122 modo.
306 3063 326 3122 b
347 3092 380 3122 nn
408 3078 549 3122 accusativo
573 3078 709 3131 adoperuto
734 3078 950 3122 urrerbiulruento.
973 3102 998 3109 -
1014 3081 1142 3123 uicinius

69 3160 141 3190 acer
150 3181 155 3192 .
164 3181 183 3192 ,.
195 3159 207 3189 e
209 3146 228 3199 s
229 3145 245 3199 f
248 3145 289 3189 ici
294 3148 312 3188 t.
328 3145 499 3189 L'liarnecker
509 3149 557 3198 top.
566 3145 614 3197 cit,
623 3159 680 3198 pag.
690 3149 711 3193 5)
722 3144 832 3198 siispottir
844 3145 888 3188 elie
901 3150 987 3198 queste
998 3146 1084 3198 parole
1095 3147 1143 3189 fos-

69 3225 122 3256 sero
138 3213 154 3255 il
170 3210 269 3256 ricordo
290 3210 345 3255 ‹l’un
365 3225 435 3256 verso
450 3212 475 3255 di
490 3212 595 3265 quadclre
617 3212 699 3256 arctico
721 3216 803 3266 poetu,
824 3211 889 3255 forse
904 3211 929 3255 di
947 3211 1033 3263 Ennio,
1047 3212 1086 3255 nei
1101 3212 1141 3255 cui

71 3280 189 3323 Articuleio
203 3281 235 3330 (v.
246 3279 293 3327 193)
304 3277 412 3322 ricor·ron
427 3279 450 3321 lo
464 3279 550 3331 parole
566 3279 655 3322 invicti
668 3279 727 3322 uiri.
738 3278 824 3331 (duello
835 3278 921 3330 parole
933 3276 1015 3321 inlutti
1026 3277 1144 3330 formano,

71 3357 113 3388 con
128 3344 202 3398 pochi
220 3344 365 3389 mutumenti
375 3358 387 3388 e
398 3344 574 3397 suppressioni
590 3358 623 3388 un
633 3358 705 3388 verso
716 3344 839 3388 ottonurio
850 3343 967 3397 trocaioo,
979 3343 1024 3387 ohe
1039 3343 1144 3387 sarebbe

72 3423 117 3455 uno
132 3411 156 3455 di
172 3410 255 3465 questi
271 3409 330 3454 duc:
350 3409 464 3455 Arrianus
486 3423 545 3454 acer
559 3411 629 3454 idem
644 3414 739 3454 acutus
753 3411 861 3454 irruictoe
878 3410 948 3453 uiros
958 3410 1034 3464 facit,
1050 3422 1144 3462 oppure

72 3477 136 3522 Acer
150 3479 260 3522 animus
274 3480 353 3530 atqua
367 3481 460 3521 acutus
473 3478 582 3532 inuictos
601 3477 671 3520 uiros
685 3477 759 3528 fucit.
775 3500 800 3506 -
821 3478 973 3519 careotas
988 3496 1015 3509 -
1028 3475 1146 3520 sceltrito.

137 3560 190 3603 85.
207 3560 411 3602 oratorem...
426 3558 602 3601 instituam
619 3555 715 3599 =durb
731 3556 803 3599 l’iduu
818 3555 841 3598 di
861 3568 893 3597 un
909 3560 1013 3598 curatore.
1027 3579 1053 3586 —
1067 3555 1148 3598 cirilli

75 3622 152 3670 tuat.
166 3625 283 3671 ethicus:
302 3623 399 3667 tinctus
414 3624 509 3667 litteris
526 3623 538 3665 l·
554 3623 591 3666 elai
614 3622 647 3666 hu
669 3622 872 3666 un'iniurinatura
887 3621 909 3664 di
926 3621 1062 3671 cogniaioni
1078 3622 1148 3665 lette·

77 3691 142 3736 rarle.
151 3716 177 3723 -
188 3689 353 3746 temptabo
375 3690 451 3743 quic
473 3691 582 3733 deccat
597 3691 662 3740 (sott.
673 3694 740 3736 curre)
750 3708 776 3721 ε
791 3685 919 3731 osserrerb
934 3688 993 3738 quat
1003 3688 1081 3738 tiatira
1092 3687 1149 3731 sard

77 3768 116 3808 uer
129 3758 181 3803 iare
197 3759 223 3803 in
237 3756 364 3812 pubbllco.
380 3779 405 3786 —
420 3757 505 3802 vir...
524 3757 638 3807 botrus,
653 3754 759 3798 secondo
775 3754 791 3797 il
807 3753 885 3806 Sorof,
904 3751 985 3796 indiou
1002 3767 1049 3797 non
1064 3754 1116 3796 solo
1131 3753 1148 3797 il

78 3825 203 3875 patriotae
214 3824 232 3868 il
243 3823 326 3868 nobile
336 3823 375 3868 nel
387 3836 458 3867 senso
466 3823 625 3877 politieo‚rnu
633 3821 710 3865 uncbo
722 3820 810 3864 l'uoano
821 3819 917 3862 valente
928 3832 941 3861 e
952 3817 977 3861 ‹ti
988 3831 1153 3871 onoreqconae

79 3888 101 3934 in
116 3891 190 3938 Tuae.
205 3890 416 3945 disp.‚v‚10,28.
431 3913 456 3920 -
467 3901 568 3945 porro;
589 3887 661 3934 altri:
682 3892 754 3945 pulo.
769 3911 795 3920 —
818 3899 888 3933 eatan
910 3885 1019 3930 ouante
1040 3892 1173 3927 umalama.
