2526 4246
180 157 222 197 on
239 156 385 199 onerose
401 156 462 197 nnn.
480 158 515 211 ιι,
535 155 605 198 cnr.
624 156 849 205 nxxrr-nxxur,
870 156 987 206 necuter
1064 145 1115 198 229

67 261 113 327 sed
132 265 262 351 capiendi
282 266 343 332 loci
370 285 458 332 causa
483 265 606 338 cessisse
628 265 746 331 ridear.
792 267 928 332 Alterum
955 276 1000 332 est
1024 267 1113 344 illud,
1140 248 1191 331 29'5

70 366 135 448 quod
155 387 207 454 ego
233 368 367 435 maxime
395 368 506 435 oratori
533 367 703 435 cavendum
732 378 762 434 et
787 368 1013 454 providendum
1039 380 1114 456 puto

72 468 188 555 qnodque
208 491 258 536 me
280 470 442 536 sollicitare
456 490 575 538 summe
593 471 682 535 solet:
705 480 844 536 nontam
864 481 896 536 nt
917 471 1033 556 prosim
1048 493 1115 537 cau·
1196 508 1199 513 ·

52 569 104 632 sis
119 573 264 639 elaborare
286 575 378 651 soleo,
401 593 493 659 qnam
515 584 549 640 ut
571 593 611 638 ne
633 572 706 659 quid
728 572 844 652 obsim;
868 593 930 638 non
954 574 1028 659 quin
1052 575 1115 640 eni-

73 673 174 740 tendum
194 677 233 741 sit
255 677 287 740 in
310 687 448 762 utroque,
471 675 524 742 sed
547 686 650 741 tamen
672 678 770 742 multo
791 686 837 742 est
860 675 979 762 turpius
1001 677 1112 742 oratori

74 777 183 844 nocuisse
204 778 300 844 videri
317 799 431 845 causae
453 799 545 865 quam
567 798 630 844 non
653 778 811 865 profuisse.

103 878 259 947 lnXXllL
284 881 343 947 Sed
372 881 445 966 quid
476 881 532 947 hoc
559 883 623 946 loco
645 901 699 947 vos
721 881 803 947 inter
824 902 891 958 uos,
916 881 1043 948 Catule?
1075 903 1113 947 an

74 975 135 1058 laec,
154 994 187 1048 ut
207 994 279 1050 sunt
292 983 523 1061 contemnenda,
539 984 751 1049 contemnitis?
775 983 907 1062 Minime,
925 985 1025 1070 inquit
1048 985 1114 1063 ille;

72 1081 111 1146 sod
128 1083 230 1150 Caesar
251 1085 289 1151 do
312 1086 368 1151 isto
390 1085 456 1172 ipso
478 1085 625 1172 quiddam
648 1088 728 1151 velle
749 1086 849 1151 dicere
872 1087 1041 1155 videbatur.
1070 1087 1116 1153 lle

72 1201 126 1251 tero
144 1188 278 1267 lubente,
302 1189 403 1274 inquit
430 1190 593 1267 Antonius,
617 1189 729 1255 dixerit
756 1189 820 1254 sive
843 1189 1002 1256 refellendi
1027 1212 1116 1257 causa
1197 1238 1201 1245 ,

71 1285 118 1353 sire
135 1292 308 1375 quaerendi.
353 1290 430 1357 Tum
454 1290 559 1358 lulius:
583 1291 642 1377 Ego
664 1292 849 1369 mehercule,
867 1281 976 1377 inquit,
994 1293 1114 1371 Antoni,
1142 1307 1193 1362 296

70 1406 168 1477 semper
188 1395 213 1458 is
236 1394 290 1471 lui,
306 1393 358 1479 qui
373 1393 412 1459 de
433 1404 462 1459 te
485 1405 605 1459 oratore
626 1394 668 1459 sic
689 1394 908 1479 praedicarem,
924 1414 1022 1460 unum
1040 1404 1067 1459 te
1083 1395 1114 1459 in

69 1487 172 1561 dicendo
186 1497 262 1562 milri
280 1495 378 1562 rideri
402 1496 599 1562 tectissimum
621 1497 843 1582 propriumque
867 1496 922 1561 hoc
936 1517 1002 1561 esse
1018 1497 1116 1561 laudis

70 1602 121 1662 tuae
140 1600 215 1665 nihil
238 1622 255 1665 a
280 1611 307 1665 te
325 1619 460 1685 unquam
475 1620 541 1665 esse
555 1599 679 1677 dictum,
696 1600 777 1685 quod
792 1600 910 1665 obesset
925 1600 963 1677 ei,
983 1620 1116 1684 proquo

68 1692 167 1766 ditores.
182 1702 274 1789 ldqne
287 1703 434 1768 memoria
446 1714 545 1780 teneo,
558 1723 627 1769 cum
640 1703 715 1768 mihi
729 1723 830 1768 sermo
841 1723 910 1768 cum
927 1702 983 1767 hoc
998 1701 1114 1780 Crasso,

51 1824 54 1829 ·
70 1803 151 1869 multis
164 1804 369 1882 audientibus,
385 1814 462 1871 esset
477 1805 633 1871 institutus
649 1805 833 1891 Crassusque
848 1805 991 1890 plurimis
1013 1806 1116 1871 verbis

67 1901 251 1990 eloquentiam
274 1907 412 1973 laudaret
434 1919 528 1986 tuam,
552 1908 664 1973 dixisse
685 1928 735 1974 me
757 1927 826 1973 cum
848 1908 955 1974 ceteris
978 1908 1038 1975 tuis
1054 1911 1116 1975 lau-

66 2000 136 2073 dibus
158 2011 235 2076 hanc
257 2032 322 2077 esse
345 2013 394 2076 vel
417 2012 598 2089 maximam,
622 2012 702 2096 quod
729 2032 790 2076 non
814 2014 913 2079 solum
936 2012 1016 2097 quod
1040 2033 1116 2098 opus

64 2121 126 2174 esset
151 2112 281 2190 diceres,
304 2112 356 2178 sed
386 2114 477 2179 etiam
506 2113 587 2199 quod
614 2133 676 2178 non
699 2134 776 2200 opus
801 2124 878 2180 esset
901 2134 962 2179 non
985 2114 1114 2192 diceres;

66 2213 115 2276 tum
134 2214 221 2282 illum
243 2214 322 2281 mihi
339 2216 524 2301 respondere
538 2216 682 2282 memini:
706 2227 803 2282 cetera
820 2217 850 2280 in
868 2227 897 2281 te
915 2235 1034 2281 summe
1049 2237 1115 2281 esse
1142 2224 1194 2277 297

64 2306 206 2396 laudanda,
229 2317 307 2384 illud
330 2338 403 2383 vero
426 2319 556 2405 improbi
585 2340 649 2384 esse
674 2319 807 2384 hominis
830 2329 860 2383 et
881 2317 1048 2403 perfidiosi,
1071 2317 1115 2382 di·
1200 2388 1202 2394 ¹

61 2431 115 2482 tere
128 2420 207 2504 quod
222 2420 357 2487 alienum
373 2432 451 2488 esset.
466 2432 496 2486 et
511 2433 632 2487 noceret
647 2422 685 2498 ei,
701 2442 757 2506 pro
772 2441 832 2506 quo
848 2421 976 2505 quisque
990 2420 1113 2485 diceret.

61 2513 144 2598 Quare
166 2542 228 2587 non
250 2522 307 2587 sibi
331 2544 402 2589 enm
425 2524 583 2598 disertum,
600 2525 651 2609 qui
670 2524 701 2589 id
718 2544 780 2589 non
796 2523 916 2600 faceret,
936 2522 1044 2600 videri,
1061 2524 1114 2589 sed

62 2617 229 2709 inprobum,
246 2627 298 2712 qui
322 2625 440 2693 laceret.
465 2626 558 2704 Nunc,
582 2628 605 2691 si
630 2628 682 2693 tibi
701 2627 832 2702 videtur,
853 2627 972 2702 Antoni,
991 2626 1116 2693 demon-

61 2753 345 2773 Q-——v——a—

58 2822 79 2837 ²·
93 2809 129 2852 nei
143 2809 199 2854 miei
214 2808 300 2864 inpari.
315 2833 340 2840 -
361 2810 513 2863 capiendi
535 2809 597 2853 loci
618 2822 717 2854 causa
739 2829 765 2846 -ι
785 2824 831 2866 per
845 2824 968 2864 occupare
984 2824 1032 2855 uno
1046 2811 1115 2864 posi·

57 2871 114 2941 tione
127 2875 170 2930 pid
184 2875 357 2929 vantaggiosa.

112 2964 185 3008 2⁹5.
200 2976 262 3009 non
281 2966 383 3009 tam...
398 2976 584 3018 quam-nou
599 2967 704 3010 tanto„
722 2969 815 3018 quanto
829 2965 958 3017 piuttoato.
972 2965 1020 3009 Cfr.
1039 2966 1051 3016 5
1070 2968 1118 3009 309.

56 3050 75 3060 -
87 3037 118 3077 ut
134 3035 272 3089 prosim,
290 3047 341 3080 eoo,
361 3033 465 3088 Disponi
486 3034 509 3078 le
531 3035 616 3087 parole
639 3035 703 3080 cosi:
721 3037 790 3082 solco
805 3035 942 3080 elaborare
965 3040 995 3079 ot
1015 3037 1118 3088 prosim

52 3105 138 3149 coitate.
152 3128 176 3135 —
191 3116 254 3149 non
268 3104 381 3158 quta...
392 3105 457 3149 eod.
472 3103 518 3157 Qui
533 3104 567 3148 o'e
583 3106 721 3149 anacoluto.
736 3103 848 3150 Perohe?

87 3200 158 3254 cap.
169 3201 325 3245 nxxlll.
336 3224 362 3231 -
376 3213 428 3245 coa
443 3201 529 3245 inter
543 3201 635 3245 onom?
648 3222 675 3235 ·=
683 3201 773 3246 audate
784 3200 824 3244 voi
835 3200 999 3245 borbottondo
1010 3198 1048 3242 fre
1059 3200 1118 3246 roi?

51 3290 72 3299 -
85 3271 169 3325 haec,
184 3271 198 3315 i.
213 3283 234 3315 e.
249 3283 317 3326 quae
331 3271 430 3325 loquor.
445 3295 469 3301 -
485 3273 665 3325 quaerendi
678 3277 779 3322 (cauea)
794 3284 879 3324 -per
894 3268 1056 3323 quistionare.

111 3360 185 3405 206.
207 3359 434 3412 tectissimum,
455 3359 612 3413 circospetto,
628 3359 652 3403 in
671 3360 743 3413 guiso
757 3360 790 3404 do
804 3371 852 3402 uon
868 3357 972 3402 losoiure
987 3356 1058 3401 alcun
1072 3358 1117 3402 clre

47 3428 70 3472 di
84 3438 196 3483 scoperto
210 3443 224 3474 e
239 3429 264 3473 di
279 3434 379 3483 esposto
395 3430 419 3473 ai
439 3429 504 3483 colpi
519 3429 727 3475 dell'ovversario.
743 3429 926 3482 rrespressione
942 3427 954 3472 d
975 3427 1036 3473 tolto
1051 3426 1118 3473 dallo

48 3500 121 3544 sendo
135 3500 178 3545 ohe
193 3501 311 3554 riparava
325 3499 333 3543 i
349 3500 439 3545 soldoti
449 3500 490 3544 dai
501 3500 566 3554 oolpi
577 3501 615 3545 de'
629 3500 724 3546 nemici.
738 3523 764 3531 -
785 3499 803 3544 I
805 3501 895 3554 oque,
916 3498 957 3544 lo.
966 3536 984 3546 ..
1007 3497 1119 3554 anticipa

46 3568 62 3613 il
76 3575 207 3616 eontenuto
222 3570 289 3615 dello
303 3569 423 3615 infinitivo
438 3572 534 3616 dumne
548 3584 589 3614 me
603 3584 653 3616 eoo.
667 3570 751 3615 Potroi
772 3569 815 3624 poi
836 3570 950 3615 trodurre
971 3568 1050 3614 l'enol.
1069 3583 1119 3625 quc

47 3653 101 3686 con:
116 3642 184 3696 duni,
196 3639 367 3690 ¹eominoiando
382 3655 427 3686 oon
442 3655 497 3686 esso
513 3641 529 3684 il
546 3641 656 3694 periodo,
671 3655 745 3686 senze
759 3640 872 3685 trodurrr
888 3641 921 3684 id.
936 3661 962 3670 —
981 3652 1049 3683 cum
1074 3655 1119 3684 ce-

45 3713 174 3767 teris...,·
193 3725 254 3758 cum
273 3711 306 3756 ha
320 3713 361 3767 qui
378 3712 394 3756 il
410 3712 547 3764 significato
563 3712 598 3757 di:
614 3716 664 3757 tro.

112 3811 185 3855 297.
203 3809 395 3865 perfidiooi.
415 3809 468 3854 cioe
490 3810 563 3864 pieno
586 3810 610 3855 di
631 3808 735 3865 perfidio
751 3821 764 3852 o
780 3807 804 3853 di
822 3820 956 3853 manoanza
971 3807 996 3851 di
1015 3805 1079 3861 fede,
1094 3808 1120 3852 in
1163 3817 1165 3821 ’

45 3881 206 3935 quentovico
221 3893 293 3925 meno
307 3881 358 3926 olla
371 3881 461 3926 flduoio
477 3881 500 3924 in
516 3881 549 3925 lui
565 3882 659 3936 riposta
674 3880 715 3925 del
730 3879 827 3924 cliente.
