2526 4246
185 167 224 207 nn
241 167 384 209 onaronn
402 169 462 207 nm.
475 168 510 221 ιι,
524 167 592 215 ane.
612 166 839 217 cxxv-mvn,
857 165 977 217 saccom
1062 153 1112 207 233

77 286 173 354 semper
192 308 231 316 -
253 270 349 336 dicam
363 271 448 336 enim
463 270 584 357 saepius
598 308 650 348 -,
666 270 690 335 si
705 269 829 356 possim,
846 270 965 335 utboni
982 270 1112 336 efficiam

76 369 165 456 aliquid
186 371 324 452 dicend0;
348 374 395 438 sin
420 372 450 438 id
472 374 585 450 minus,
609 383 643 438 ut
664 383 746 438 certe
768 392 807 437 ne
829 372 903 457 quid
925 373 1008 438 mali.

106 472 249 542 lxxvi.
270 475 374 561 ltaque
397 495 478 541 nunc
500 476 572 542 illuc
601 475 701 551 redeo,
724 474 839 552 Catule,
859 475 890 539 in
920 495 981 560 quo
1007 485 1040 540 tu
1062 495 1112 541 me
1139 486 1190 540 307

76 575 144 653 paolo
162 586 228 642 ante
250 576 403 654 laudabas,
427 577 464 642 ad
486 577 627 643 ordinem
649 576 936 661 collocutionemque
956 596 1060 641 rerum
1079 597 1113 641 ac

76 672 191 744 locorum.
214 678 304 746 Cuius
327 681 404 745 ratio
426 690 471 746 est
493 680 621 765 duplex:
645 681 750 757 altera,
774 699 866 763 quam
888 678 987 744 adlert
1002 690 1112 745 natura

73 793 220 859 nosamm;
243 785 346 861 altera,
371 804 449 869 qaae
470 793 626 848 oratorum
642 782 752 848 iudicio
767 792 797 847 et
811 782 976 868 prudentia
991 803 1111 868 compa-

73 890 144 947 rator.
169 884 255 963 Nam,
278 896 312 951 ut
338 885 454 971 aliquid
482 895 552 950 ante
582 905 647 950 rem
677 884 821 962 dicamne,
852 885 964 951 deinde
989 895 1112 951 utrem

70 997 241 1069 exponamus,
263 999 330 1074 post
353 998 387 1054 ut
408 1008 476 1053 eam
499 987 664 1073 probemus
686 988 797 1053 nostris
822 988 982 1074 praesidiis
1004 988 1113 1053 confir-

68 1089 175 1167 mandis,
192 1091 350 1156 contrariis
367 1090 544 1169 refutandis,
560 1089 672 1155 deinde
687 1101 720 1155 nt
735 1091 950 1157 concludamus
965 1103 1056 1177 atque
1070 1092 1111 1157 ita

65 1203 231 1271 peroremus,
256 1194 312 1260 hoc
333 1194 452 1260 dicendi
470 1206 579 1260 natura
598 1193 663 1279 ipsa
678 1193 867 1279 praescribit.
912 1194 949 1259 Ut
968 1215 1040 1260 vero
1056 1206 1113 1259 sta·
1138 1203 1189 1257 :308

63 1298 166 1362 luamus
187 1318 230 1374 ea,
245 1318 322 1383 quae
336 1297 487 1383 probandi
503 1309 534 1363 et
545 1296 672 1362 docendi
685 1317 771 1362 causa
784 1296 910 1363 dicenda
924 1308 1003 1374 sunt,
1019 1318 1111 1382 quem

58 1396 222 1466 admodum
237 1419 463 1486 componamus
480 1400 511 1464 id
527 1409 572 1465 est
588 1401 636 1463 vel
653 1399 786 1465 maxime
805 1400 965 1484 proprium
983 1402 1111 1464 oratoris

53 1501 233 1584 prudentiae.
256 1503 349 1568 llulta
371 1502 455 1568 enim
470 1510 632 1567 occurrunt
647 1512 840 1587 argumenta:
863 1504 969 1578 multa,
986 1503 1110 1587 quaein

51 1602 172 1670 dicendo
187 1605 344 1691 prolatura
360 1604 529 1670 videantur.
547 1603 606 1668 Sed
622 1624 727 1669 eornm
746 1605 859 1690 partim
878 1605 918 1669 ita
936 1605 1013 1669 levia
1030 1614 1111 1675 sunt,

50 1717 79 1772 ιιι
92 1707 312 1773 contemnenda
328 1707 402 1785 sint;
419 1708 541 1793 partim,
558 1706 689 1771 etiamsi
707 1708 779 1792 quid
798 1707 912 1772 hahent
930 1707 1110 1784 adiumenti,

47 1822 116 1876 sunt
132 1830 362 1896 nonnunquam
375 1810 545 1886 eiusmodi,
563 1821 593 1875 ut
610 1809 682 1874 insit
699 1810 728 1874 in
746 1811 783 1875 iis
798 1810 914 1895 aliquid
930 1810 995 1874 vitii
1012 1830 1111 1897 neque

48 1914 119 1979 tanti
143 1913 181 1978 sit
202 1913 288 1990 illud,
312 1913 392 1998 quod
414 1913 559 1999 prodesse
580 1912 734 1989 videatur,
759 1924 792 1978 ut
813 1934 882 1978 oum
905 1914 1008 1999 aliquo
1031 1915 1111 1979 malo

45 2019 250 2104 coniungatur.
295 2017 379 2100 Quae
390 2028 491 2083 autem
507 2016 594 2082 utilia
606 2029 677 2084 sunt
691 2027 781 2101 atque
799 2016 897 2093 firma,
914 2017 936 2081 si
950 2038 985 2082 ea
1000 2028 1111 2092 tannen,
1138 2036 1189 2089 309

44 2130 77 2185 ut
98 2139 188 2205 saepe
210 2119 254 2195 tit,
278 2119 368 2184 valde
389 2121 485 2186 multa
509 2129 589 2195 sunt,
613 2142 658 2198 ea,
682 2140 759 2204 quae
781 2139 819 2184 ex
839 2120 875 2183 iis
891 2130 942 2184 aut
957 2120 1111 2184 levissima

45 2230 114 2287 sunt
136 2231 186 2286 aut
208 2221 275 2286 aliis
290 2222 481 2305 gravioribus
496 2224 674 2298 consimilia,
691 2223 807 2288 secerni
823 2222 957 2286 arbinor
971 2232 1112 2306 oportere

45 2334 135 2408 atque
155 2344 192 2389 ex
214 2324 352 2389 oratione
375 2325 537 2390 removeri.
563 2326 709 2411 Equidem
725 2345 794 2390 cum
809 2324 917 2410 colligo
932 2335 1112 2410 argumenta

45 2446 211 2504 causarum,
228 2446 290 2491 non
313 2435 375 2490 tam
398 2447 433 2492 ea
457 2447 621 2492 numerare
636 2430 717 2493 soleo
733 2447 822 2512 quam
842 2425 1025 2511 expendere.

83 2527 264 2595 LXXVll.
289 2527 324 2593 Et
346 2529 501 2613 quoniam,
525 2529 605 2613 quod
627 2550 717 2616 saepe
740 2530 801 2593 iam
816 2528 890 2605 dixi,
908 2528 1005 2594 tribus
1020 2529 1112 2594 rebus
1138 2546 1188 2601 310

45 2630 183 2696 homines
205 2631 243 2695 ad
266 2641 401 2696 nostram
423 2632 606 2696 sententiam
622 2633 827 2717 perducimus,
843 2640 895 2696 aut
909 2630 1045 2697 docendo
1060 2642 1112 2698 aut

45 2733 228 2799 conciliando
250 2743 302 2798 aut
324 2734 542 2818 permovendc,
562 2754 622 2799 una
638 2735 788 2800 extribus
806 2734 852 2798 lris
868 2735 959 2800 rebus
975 2755 1023 2799 res
1038 2756 1112 2820 prae

155 2853 344 2861 ηι-

45 2908 109 2962 ipso
124 2925 150 2939 =
164 2905 188 2949 di
203 2919 248 2950 sue
262 2910 358 2950 natura.
372 2929 398 2936 -
413 2906 545 2960 saepiae
559 2926 586 2938 -
600 2918 693 2959 spessc.
707 2929 732 2935 -
747 2906 798 2949 sin
812 2905 844 2948 id
857 2907 974 2959 minas,
989 2910 1046 2949 oott.
1063 2907 1112 2959 effi-

45 2991 94 3022 nre
109 2978 218 3032 possim.
236 3000 262 3008 —
280 2980 314 3021 at
335 2980 420 3021 certe
440 2990 476 3021 ne
496 2977 622 3030 (efficiam)
642 2977 718 3032 qaid
736 2977 856 3031 taliqnidt
872 2977 963 3021 mali.

79 3065 154 3119 (lap.
176 3064 322 3110 Lxxw.
339 3088 365 3096 -
384 3064 459 3108 8⁰7.
478 3064 580 3118 paulo
601 3068 686 3117 ante,
701 3064 753 3108 eloe
768 3064 806 3107 nol
823 3068 833 3114 5
850 3066 894 3108 tre.
908 3088 934 3094 -
949 3064 1111 3108 laudabas

45 3155 65 3168 -
79 3134 176 3179 stimevi
187 3134 268 3188 degno
278 3133 303 3178 di
313 3134 376 3178 lode.
390 3158 415 3165 —
431 3134 572 3178 locorum
586 3156 613 3173 a
627 3134 693 3187 degli
710 3134 853 3186 argumenti.
869 3157 893 3164 —
909 3134 1038 3178 dicendi
1056 3146 1111 3177 na-

45 3209 116 3251 tura
135 3207 209 3261 ipsa
226 3206 441 3260 praescribit.
462 3204 487 3248 Si
502 3205 559 3249 vuol
574 3211 694 3251 mostrare
709 3205 753 3249 che
769 3205 791 3249 le
807 3204 921 3249 divisioni
939 3203 1111 3248 dell'orozione

45 3290 87 3321 uon
103 3289 161 3321 sono
176 3275 359 3321 elucubrazioni
374 3275 397 3319 di
414 3274 496 3327 reteri,
510 3289 550 3319 ma
572 3290 632 3323 sono
653 3275 752 3320 londote
775 3275 920 3319 sull’intimo
941 3277 1029 3318 natura
1045 3287 1058 3318 e
1073 3275 1110 3319 sul

45 3346 88 3392 fine
103 3346 249 3392 dell'umono
264 3346 381 3392 discorso.

108 3437 186 3480 808.
208 3448 244 3480 aa
269 3433 399 3488 eoggetto
421 3433 445 3478 di
460 3447 659 3488 componamus.
681 3458 706 3465 —-
725 3438 900 3479 occurrunt
921 3455 947 3468 ι·
966 3433 1064 3478 offrcnei
1087 3435 1110 3479 ol

45 3506 162 3558 pensiero.
174 3529 201 3537 -
222 3506 453 3550 contemnenda
474 3506 552 3549 aiat.
573 3505 611 3550 Dia
625 3520 639 3549 a
655 3509 817 3549 contemnere
832 3504 847 3549 il
864 3506 1002 3559 significato
1013 3505 1049 3550 di:
1063 3519 1111 3550 non

45 3575 79 3619 lar
93 3580 171 3620 conto.
185 3600 211 3606 -
225 3578 259 3620 nt
280 3589 348 3620 cnm
369 3577 482 3630 aliquo
505 3577 590 3620 malo
605 3577 823 3629 contemnatur
837 3596 864 3610 -
878 3576 1112 3621 ehedabbosicom-

45 3659 127 3698 perere
141 3647 179 3691 col
194 3645 275 3691 donno
290 3646 334 3690 che
349 3660 394 3691 con
410 3659 465 3690 esso
480 3660 512 3690 va
526 3647 668 3699 congiunta.

109 3731 182 3774 800.
202 3742 264 3774 non
285 3732 386 3776 tam...
401 3743 495 3784 qaam
556 3743 603 3775 non
621 3733 726 3774 tanto...
746 3732 838 3782 quanto
853 3728 989 3782 piuttost03
1006 3741 1111 3774 name·

45 3811 154 3846 rara...
172 3801 350 3855 expandere
370 3821 396 3834 -=
416 3799 544 3852 giudicare
564 3800 604 3844 dal
624 3812 763 3844 numero...
781 3798 821 3842 dal
836 3799 921 3843 valore
935 3811 1002 3843 vero.

82 3891 154 3946 cap.
169 3892 333 3936 Lxxvll.
354 3915 379 3922 -
401 3892 471 3936 ³1⁰.
489 3892 716 3947 perducimus.
735 3888 891 3936 Rloorrendo
913 3889 957 3944 uui
974 3889 997 3933 'u
1012 3890 1123 3944 oneum
