2526 4246
120 142 172 195 120
486 154 519 193 u.
539 155 644 194 aucun
663 152 826 195 monemus

121 281 186 326 esse
215 259 301 337 dicta,
331 259 515 326 custodirem
547 260 667 338 litteris,
699 259 724 324 si
746 261 811 325 ullo
841 257 932 324 modo
961 256 1088 343 adsequi
1113 274 1174 322 con·

120 363 272 449 plectiqne
288 363 467 449 potuissem3
494 364 544 428 vel
568 363 744 428 mehercule
762 362 864 440 etiam,
884 371 919 427 ut
941 360 1065 426 laudem
1085 377 1175 427 eorum

121 467 182 532 iam
204 486 300 553 prope
322 475 539 543 senescentem,
568 475 717 550 qnantum
744 484 798 550 ego
821 484 951 549 possem,
978 463 1018 529 ah
1039 462 1175 529 oblivione

78 576 95 629 8
123 569 283 635 hominnm
306 579 396 654 atque
423 590 440 633 a
466 568 587 634 silentio
612 568 807 633 vindicarem.
858 566 944 645 Nam,
967 567 993 632 si
1015 563 1175 650 exscriptis

120 672 255 760 cognosci
279 672 334 759 ipsi
363 672 425 738 suis
454 671 632 756 potuissent,
664 671 766 736 minus
795 671 851 736 hoc
877 669 1003 735 fortasse
1029 667 1104 734 mihi
1124 685 1184 733 esse·

121 786 275 860 putassem
286 773 502 852 laborandum;
515 773 655 852 sedeam
667 775 743 839 alter
755 793 817 839 non
830 774 972 850 multum,
981 771 1063 858 quod
1070 770 1174 858 quiden

122 887 262 954 exstaret,
286 888 315 942 et
338 877 369 942 id
391 877 492 962 ipsum
508 876 693 954 adulescens,
709 878 787 942 alter
802 876 881 940 nihil
905 875 1072 942 admodum
1090 871 1173 959 scripti

122 981 302 1065 reliquisset,
327 979 431 1046 deberi
455 980 511 1047 hoc
534 1001 550 1044 a
573 1000 623 1045 me
640 980 730 1045 tantis
746 979 909 1045 hominum
932 979 1064 1066 ingeniis
1077 975 1172 1065 peuri,
1195 1056 1201 1069 1

121 1093 164 1160 nt,
177 1102 246 1148 cam
261 1082 354 1147 etiam
370 1102 451 1148 nunc
466 1083 569 1148 vivam
584 1083 710 1148 illorum
725 1081 906 1148 memoriam
919 1090 1103 1158 teneremus
1115 1080 1174 1144 hanc

79 1190 97 1243 9
122 1186 327 1251 immortalem
350 1185 521 1263 redderem,
545 1185 569 1249 si
592 1206 722 1270 possem.
767 1184 854 1269 Quod
879 1185 936 1249 hoc
957 1185 1051 1250 etiam
1073 1203 1122 1270 spe
1139 1200 1173 1267 ag-

121 1287 243 1375 gredior
265 1288 380 1353 maiore
403 1288 439 1353 ad
463 1288 667 1374 probandum,
691 1289 844 1373 quianon
867 1287 906 1353 de
929 1287 994 1353 Ser.
1015 1286 1122 1353 Galbae
1134 1290 1173 1349 ant

122 1391 152 1456 C.
177 1391 322 1457 Carbonis
344 1391 517 1476 eloquentia
533 1391 631 1456 scriho
647 1391 773 1476 aliquid,
797 1391 829 1455 in
853 1411 912 1475 qno
935 1391 1025 1457 liceat
1047 1389 1119 1455 mihi
1132 1386 1173 1452 lin·

120 1515 192 1581 gere
214 1495 238 1559 si
262 1494 335 1580 qnid
351 1495 453 1570 velim,
480 1494 596 1559 nullius
623 1494 770 1559 memoria
793 1494 854 1558 iam
876 1513 927 1559 me
949 1493 1115 1569 refellente,
1134 1485 1173 1554 sod
1196 1528 1199 1537 ·

122 1598 179 1663 edo
202 1599 276 1662 haec
298 1597 334 1661 iis
363 1596 584 1683 cognoscenda,
609 1596 661 1681 qui
691 1616 741 1661 eos
764 1597 857 1681 ipsos
882 1595 920 1661 de
942 1596 1055 1682 quihus
1077 1598 1172 1680 loquor,

122 1720 211 1786 saepe
222 1700 401 1775 audierunt;
416 1709 449 1764 nt
461 1699 536 1764 dnos
548 1718 683 1764 summos
695 1698 777 1763 viros
789 1699 835 1776 iis,
848 1698 898 1784 qni
914 1708 1059 1765 nentrum
1071 1698 1174 1763 illorum
1214 1782 1217 1789 Ι

122 1803 264 1879 viderint,
278 1823 394 1879 eoram,
412 1802 521 1886 quihus
537 1802 626 1866 amho
639 1801 684 1866 illi
697 1811 831 1867 oratores
843 1802 953 1889 cogniti
966 1803 1037 1879 sint,
1054 1802 1174 1867 virumn
1213 1804 1217 1887 j

122 1915 151 1970 et
173 1906 381 1989 praesentium
405 1904 552 1970 memoria
577 1914 651 1970 teste
674 1904 932 1970 commendemus.
1212 1898 1217 1987 j

63 2011 95 2064 10
165 2004 236 2069 ΙΙΙ.
259 2001 318 2066 Nec
339 2022 412 2067 vero
436 2013 474 2079 te,
493 2003 648 2068 carissime
668 2003 762 2067 irater
785 2012 874 2087 atque
893 2003 1019 2088 optime,
1037 1996 1175 2069 rethoricis
1214 1996 1217 2079 j

123 2127 204 2171 nunc
215 2104 398 2190 quibasdam
410 2105 506 2182 libris,
520 2125 595 2190 qnos
614 2117 646 2170 tn
662 2115 794 2191 agrestes
808 2115 906 2190 putas,
924 2105 1069 2191 insequor
1081 2115 1112 2172 nt
1125 2121 1177 2169 ern·

122 2204 204 2274 diam
223 2207 353 2294 —quid
371 2208 456 2274 enim
472 2218 521 2273 tna
537 2218 635 2293 potest
658 2208 795 2273 oratione
819 2217 870 2272 ant
885 2208 1028 2274 subtilius
1043 2218 1095 2274 aut
1108 2224 1177 2273 orna·

121 2313 182 2378 tius
196 2317 279 2377 esse?
292 2312 397 2376 —sed
413 2311 477 2377 sire
494 2311 613 2387 indicio,
632 2321 664 2376 ut
679 2313 756 2376 soles
772 2310 881 2387 dicere,
900 2311 974 2389 sive,
991 2322 1025 2377 nt
1042 2312 1093 2377 ille
1107 2320 1179 2396 pater

124 2495 195 2546 lenta,
210 2494 401 2545 egregiamonto,
416 2517 441 2522 —
456 2493 652 2537 czastoutrem
674 2491 800 2534 litteris
814 2509 840 2526 ==
859 2491 970 2536 niellessi
988 2493 1013 2536 al
1033 2491 1112 2537 sicuro
1128 2486 1178 2535 eollo

124 2559 215 2604 scritto.
225 2583 250 2589 —
261 2562 410 2613 quaeritura
432 2570 484 2611 ayo
501 2571 637 2612 possem.
647 2558 698 2602 Gon
708 2561 838 2611 quantum
849 2571 903 2601 ava.
917 2557 960 2601 rel.
971 2557 1020 2602 Cic.
1031 2572 1077 2604 usa
1086 2557 1110 2601 di
1120 2553 1179 2601 nolito

122 2625 188 2669 l'incl.
197 2624 243 2677 Qui
252 2625 361 2678 arlopera
370 2625 386 2667 il
395 2637 471 2677 cong,
480 2624 570 2677 perche
579 2625 635 2668 vuol
647 2623 786 2673 significare
797 2624 813 2667 il
824 2623 939 2677 pensiero
948 2623 993 2669 ohe
1004 2638 1090 2676 avere,
1097 2618 1180 2678 quando

123 2691 143 2735 si
154 2690 250 2734 nocinse
261 2704 275 2734 a
286 2691 392 2733 scrivere
403 2694 490 2743 questo
501 2690 600 2743 dialogo
611 2691 649 2740 (V.
657 2690 681 2734 F.
690 2690 815 2741 Garama,
826 2704 864 2743 op.
875 2690 915 2734 cit.
925 2690 1180 2736 uell'onertimcnlot

122 2781 148 2787 —
170 2771 186 2800 u
204 2756 338 2800 silentio
361 2757 568 2800 uiridicarem.
584 2756 747 2809 Gorrisoonne
758 2757 782 2800 al
793 2762 887 2801 nostro:
903 2756 1008 2809 togliere
1019 2750 1179 2802 dall'oscuriot

190 2846 220 2889 ⁸.
235 2844 341 2888 uitiatus
358 2865 384 2877 =
405 2858 459 2888 non
481 2868 506 2874 -
528 2858 588 2888 icon
609 2845 1005 2900 marturam...reliquisset,
1028 2845 1082 2891 eloh
1105 2845 1179 2889 alaune-

122 2912 186 2965 parti
203 2910 344 2955 dell'oralio
355 2923 406 2964 pro
421 2909 527 2954 Licinia
543 2912 647 2965 uirgine,
661 2912 745 2965 quella
759 2913 790 2955 de
811 2912 913 2955 colonia
935 2911 1104 2958 Narbonensi
1117 2909 1182 2956 doda

122 2978 210 3029 cende,
225 2992 237 3021 e
253 2976 334 3030 quella
347 2989 398 3030 pro
413 2977 466 3030 leue
480 2975 600 3021 Seruilia.
614 3001 640 3008 -
655 2979 736 3031 qrcod
757 2979 883 3032 uiridem
900 2978 1182 3024 ecstaretnedinon

123 3059 138 3089 e
152 3045 169 3097 I,
184 3046 229 3098 129,
243 3043 291 3088 alle
306 3043 392 3096 parole
407 3056 480 3097 quem
497 3045 602 3097 quidem
613 3045 747 3098 probaret.
765 3068 788 3075 -
803 3045 890 3088 oller
905 3044 1012 3094 (Crasso)
1027 3046 1116 3099 nibil
1139 3041 1184 3088 ad·

123 3112 260 3164 allodum,
276 3109 328 3154 cioh
339 3109 436 3153 intorno
451 3110 545 3154 all'arto
556 3110 675 3163 orticaria,
690 3110 794 3154 tuttavia
805 3124 835 3154 ne
847 3110 972 3154 rimenevo
982 3125 1015 3156 un
1025 3113 1100 3156 breve
1110 3110 1184 3156 scritto

123 3179 153 3222 de
163 3179 264 3222 ratione
279 3178 387 3231 itinerarii,
397 3176 519 3221 cl1iarnato
531 3177 562 3220 da
576 3177 624 3221 Cic.
635 3177 674 3220 nel
685 3177 778 3220 (Brut.
787 3189 806 3229 ›,
817 3180 851 3228 tt,
863 3179 911 3221 163:
920 3190 985 3222 saite
995 3179 1072 3223 abilis
1083 3176 1185 3223 libellus.

189 3268 220 3311 9.
235 3265 303 3310 Ser.
324 3265 458 3317 Galliae,
478 3265 497 3319 1,
511 3267 545 3308 lo.
567 3288 592 3294 -
612 3264 636 3309 (J.
654 3264 821 3308 Ourbonis.
838 3266 862 3308 l).
886 3265 984 3318 Papirio
1006 3265 1126 3320 Carbone,
1138 3276 1185 3310 con·

123 3333 174 3377 sole
196 3333 347 3385 uoluat-120,
362 3332 387 3375 l'u
407 3331 448 3384 poi
465 3331 604 3375 esiliato.-
620 3331 748 3375 turullius
769 3332 923 3375 cisernoriu
947 3333 1012 3376 iacto
1033 3346 1078 3378 ine
1100 3327 1188 3387 rosel·

123 3399 243 3442 lentea-
253 3412 327 3442 scrrrzu
340 3398 427 3441 timore
443 3398 466 3441 ‹li
483 3411 550 3442 esser
571 3396 750 3450 oontrmhlotto,
765 3411 811 3440 non
829 3397 932 3441 vivendo
954 3397 998 3451 piu
1013 3400 1125 3449 (corallius
1144 3407 1186 3442 nie

122 3465 216 3514 arteria)
232 3464 271 3507 chi
286 3465 306 3507 si
322 3463 411 3508 ricordi
428 3464 451 3507 di
468 3477 557 3507 rsrerno
568 3463 629 3508 uditi
646 3463 774 3508 idiscorsi.
791 3464 889 3516 llppnro
905 3463 953 3507 Cic.
969 3469 1049 3510 stesso
1064 3460 1187 3517 aelaulbl

123 3530 162 3574 clel
178 3543 189 3572 ‹
203 3530 303 3575 Bru-tuo
318 3542 329 3572 ›
345 3530 412 3574 ilice:
429 3529 565 3576 durbonis.
574 3566 592 3576 ..
610 3531 738 3574 litabamus
753 3532 883 3574 orationes
900 3532 1017 3576 iteradum
1031 3533 1099 3577 satie
1113 3531 1189 3586 splen·

124 3597 200 3640 clidas
217 3597 305 3649 uerbis,
319 3597 365 3639 sed
380 3600 479 3648 acratas,
494 3610 543 3641 ecc.
555 3597 659 3650 llunqne
677 3597 698 3641 lo
714 3597 820 3640 orrrzioni
837 3599 941 3641 v'crarro.
956 3597 1076 3651 Fors'egli
1091 3604 1188 3643 acuerunt

124 3662 258 3716 ull'nziono,
273 3662 315 3715 pili
330 3661 375 3706 che
391 3663 441 3706 rullo
455 3663 644 3715 composicione.

164 3751 237 3804 (lap.
253 3751 318 3796 111.
334 3773 360 3780 -
375 3752 422 3794 10.
439 3755 596 3805 agrestae,
612 3751 684 3804 rozzi,
701 3751 836 3805 ‹loazinali3
848 3766 861 3795 e
872 3752 891 3796 si
904 3766 1053 3806 oppongono
1064 3768 1080 3798 a
1090 3752 1189 3798 docti.-

125 3819 133 3861 ι’
139 3818 181 3861 lle
197 3820 303 3871 pater.
313 3852 317 3862 .
327 3850 343 3868 .,
352 3817 409 3869 quel
421 3816 515 3860 farnoso
526 3816 611 3870 padre.
622 3816 647 3861 Si
658 3817 787 3860 rammenti
798 3816 841 3860 che
854 3817 860 3860 i
872 3818 952 3861 latini
963 3819 1001 3862 col
1013 3819 1130 3873 semplice
1140 3826 1189 3871 pro·

115 3896 191 3927 nonu¹
204 3883 254 3936 lu'c,
265 3882 317 3937 ille,
328 3883 351 3927 lu
361 3883 423 3938 (qui)
435 3882 557 3928 denotuno
569 3884 626 3938 qarol
637 3881 682 3926 ohe
693 3881 734 3926 noi
744 3881 842 3926 abbiam
853 3882 956 3937 bisogno
967 3884 992 3929 di
1003 3885 1140 3939 significare
1149 3891 1189 3926 con
