2526 4246
153 174 187 226 '28
520 187 553 225 ru.
573 186 677 226 runnu
697 185 859 227 orcnnonrs

90 298 127 352 30
154 292 253 358 studio
276 291 394 359 dicendi
418 291 565 357 intulisse.
611 291 668 375 Qui
692 312 760 357 cnm
777 291 816 356 ita
832 288 911 357 esset
925 308 1067 358 exorsus:
1088 291 1153 357 Non
1170 293 1226 357 sibi

153 394 375 460 cohortandum
398 394 568 480 Sulpicium
590 405 620 459 et
642 393 769 470 Cottam,
794 395 847 459 sed
869 395 965 480 magis
987 406 1153 481 utrumque
1172 398 1229 460 rol-

153 497 341 564 laudandum
364 497 472 574 videri,
496 497 576 583 quod
601 507 716 562 tantam
735 498 795 561 iarn
812 508 913 562 essent
928 498 1100 564 facultatem
1116 498 1227 584 adepti,

79 623 81 630 ¹
153 611 187 666 ut
209 621 271 665 non
294 600 472 686 aequalibus
494 601 557 665 suis
579 602 677 666 solum
694 610 965 685 anteponerentur,
985 601 1037 666 sed
1053 621 1122 667 cum
1137 602 1229 666 maio·

141 704 325 805 ‘qibusnaqu
340 713 604 789 compararentur:
620 723 720 788 neque
736 723 809 768 vero
827 704 905 768 mibi
924 704 1101 789 quidquam,
1118 704 1228 790 inquit,

153 798 366 891 praestabilius
388 806 418 870 vi
441 816 519 883 etur,
550 826 642 891 quam
664 825 752 891 posse
775 804 903 871 dicendo
929 817 1035 872 tenere
1066 807 1226 872 bominum

152 919 263 986 coetus,
286 920 405 988 mentes
420 805 507 989 (ddlit
518 929 540 997 p
560 961 566 986 ,
590 909 761 974 voluntates
784 909 944 994 impellere
959 922 1020 995 quo
1041 910 1125 987 velit,
1145 910 1227 975 unde

153 1023 256 1076 autern
278 1011 352 1076 velit
374 974 532 1101 defflre.
556 1011 632 1077 llaec
647 1031 708 1076 una
725 1031 773 1076 res
789 1011 820 1075 in
833 1012 917 1077 omni
932 1012 1029 1078 libero
1040 1014 1154 1099 populo
1166 1032 1228 1076 ma-

137 1114 296 1199 ,ximeque
311 1113 344 1177 in
359 1113 472 1199 pacatis
487 1114 722 1198 tranquillisque
737 1113 909 1180 civitatibus
928 1115 1091 1200 praecipue
1106 1134 1229 1200 semper

89 1219 125 1272 31
155 1216 258 1282 floruit
269 1236 451 1301 semperque
462 1216 616 1281 dominata
633 1227 686 1282 est.
733 1216 812 1299 Quid
827 1217 911 1282 enim
925 1228 970 1281 est
984 1228 1036 1282 aut
1052 1218 1114 1283 tani
1132 1216 1227 1282 admi-

154 1319 259 1394 rabile,
276 1339 368 1404 quam
380 1339 418 1384 ex
431 1318 553 1384 infinita
567 1319 765 1385 multitudine
782 1319 942 1385 bominum
958 1319 1103 1384 exsistere
1118 1339 1226 1396 unum,

153 1421 204 1506 qui
229 1420 269 1498 id,
293 1421 373 1506 quod
395 1421 538 1487 omnibus
565 1431 674 1486 natura
701 1422 739 1485 sit
766 1421 880 1507 datum,
910 1424 957 1487 vel
981 1424 1063 1508 solus
1086 1424 1134 1486 vel
1157 1442 1227 1488 oum

152 1525 312 1611 perpaucis
325 1524 423 1590 lacere
434 1525 545 1610 possit?
558 1534 683 1590 nuttam
697 1524 863 1591 iucundum
874 1514 997 1611 bognitu
1009 1535 1099 1610 atque
1111 1524 1226 1601 auditu,

152 1648 245 1712 quam
268 1598 455 1713 sapientibus
477 1627 636 1693 sententiis
658 1627 802 1714 gravibus
833 1706 836 1711 .
871 1628 986 1741 perbis
1002 1634 1108 1693 ornata
1131 1629 1227 1693 oratio

153 1742 183 1794 et
201 1730 312 1815 polita?
336 1742 388 1795 aut
410 1741 472 1794 tam
495 1739 603 1815 potens
625 1741 749 1814 tamque
771 1647 977 1821 mdddilicum,
1004 1751 1096 1816 quam
1118 1731 1223 1816 populi

152 1832 419 1946 motusup'udicum
443 1831 613 1919 religiones,
637 1842 759 1898 senatus
781 1830 959 1919 gravitatem
983 1833 1075 1899 unius
1089 1833 1227 1898 oratione

91 1956 126 2009 .;.
153 1904 309 2033 chffitr?
354 1934 433 2017 Quid
456 1946 518 1999 tam
540 1955 632 2020 porro
655 1935 781 2022 regium,
807 1946 868 2000 tarn
891 1936 1026 2014 liberale,
1042 1946 1105 2002 tam
1128 1936 1228 2001 muni-

138 2064 141 2069 ·
157 2024 256 2112 lib'u'dr',
280 2059 370 2123 quam
394 2058 484 2125 opem
505 2038 587 2115 ferre
609 2039 805 2124 supplicibus,
829 2039 960 2105 excitare
985 2038 1129 2127 adllictos,
1153 2037 1226 2103 dare

154 2143 293 2220 salutem,
309 2142 441 2208 liberare
456 2141 609 2227 periculis,
626 2142 759 2209 retinere
777 2143 915 2208 lromines
930 2142 963 2207 in
985 2143 1123 2207 civitate?
1147 2140 1225 2226 Quid

74 2258 78 2263 ·
153 2253 255 2309 autem
269 2254 330 2308 tam
343 2245 556 2321 necessarium,
572 2263 665 2328 quarn
711 2263 785 2339 neqq
802 2263 924 2329 semper
939 2264 1034 2318 arma,
1050 2243 1161 2328 quibus
1177 2245 1223 2308 vel

99 2361 102 2367 ·
153 2356 248 2441 tectus
268 2346 335 2437 ipse
357 2366 421 2411 esse
443 2346 545 2432 possis.
561 2347 610 2411 rel
677 2330 797 2429 jocare
820 2345 1044 2430 improbosvel
1069 2356 1098 2411 te
1124 2346 1225 2411 ulcisci

153 2448 326 2521 lacessitus?
350 2450 409 2535 alge
432 2470 518 2525 vero,
544 2468 583 2514 ne
605 2468 727 2533 semper
749 2448 858 2525 lorum,
883 2447 1035 2524 subsellia,
1059 2459 1156 2513 rostra
1178 2469 1226 2514 cu-

154 2552 292 2636 riamque
314 2551 470 2626 meditere,
495 2550 568 2634 quid
590 2570 655 2629 esse
677 2560 775 2635 potest
798 2551 829 2615 in
846 2551 906 2616 otio
921 2561 973 2616 ant
992 2551 1153 2617 iucundius
1174 2562 1227 2616 aut

152 2653 248 2739 magis
270 2653 431 2739 proprium
455 2651 662 2728 humanitatis,
686 2672 777 2737 quam
794 2673 893 2718 sermo
916 2652 1031 2761 lapetus‘
1043 2674 1079 2741 ac,
1091 2655 1177 2720 nulla
1194 2655 1225 2718 in

219 2859 272 2902 30.
287 2871 387 2912 neque
402 2871 472 2902 vero
486 2858 572 2911 mibi,
586 2871 635 2903 oco.
645 2857 708 2902 Nota
718 2858 784 2903 bello
796 2874 808 2903 e
820 2858 907 2913 rapido
918 2859 1051 2912 passaggio
1063 2859 1104 2903 dal
1115 2858 1226 2905 discorso

152 2923 308 3040 anflliqutitqsql
323 2923 419 2969 dir-atto.
440 2947 465 2954 -
478 2925 611 2986 pacatis
633 2926 798 2979 trattqacc'll
804 2927 893 2980 isque
914 2940 938 2963 .-
960 2925 1042 2970 arenti
1056 2939 1119 2979 paee
1138 2926 1225 2970 dentro

219 3088 267 3132 31.
280 3088 400 3142 populi
418 3091 523 3132 motus
538 3109 564 3121 =-
579 3088 601 3132 lo
612 3087 723 3141 passioni
738 3087 762 3131 di
775 3092 837 3134 tutto
849 3102 880 3133 un
890 3088 1025 3142 popolo—
1039 3088 1231 3142 redipionea,

151 3152 316 3198 l’osservanze
330 3155 368 3198 de'
382 3154 537 3208 glut-ornanti,
551 3153 594 3199 ohe
610 3154 659 3199 Cio.
669 3154 766 3198 chiama
777 3155 871 3199 altrove
882 3169 887 3199 :
898 3155 967 3209 jldes
981 3158 1005 3198 et
1018 3154 1110 3208 relicto
1124 3154 1228 3199 iudicis.

152 3219 171 3263 Ε
187 3220 193 3262 i
209 3219 302 3273 giudiei
312 3219 447 3274 giuravauo
463 3220 487 3264 di
503 3220 629 3273 giudicare
640 3220 747 3265 secondo
757 3221 780 3265 le
791 3221 857 3274 leggi
868 3222 934 3269 (iuro
944 3222 1042 3274 iurati;
1055 3220 1107 3264 ital.
1117 3220 1227 3274 giureti).

220 3317 272 3361 32.
288 3318 411 3373 replum
425 3339 451 3351 =
466 3317 545 3370 dagno
560 3318 617 3362 d'un
632 3332 664 3362 re.
679 3341 705 3348 -
719 3321 865 3364 tectus...
884 3329 958 3368 osae,
973 3330 1055 3362 essere
1070 3317 1093 3360 al
1109 3324 1228 3371 coperto:

151 3381 191 3427 oui
206 3381 227 3426 si
241 3397 350 3438 oppone:
370 3387 491 3439 apertos,
505 3388 626 3438 scoperto.
640 3408 666 3415 -
677 3397 856 3439 provocare
917 3383 1041 3437 investire,
1055 3383 1186 3428 iuealzare.

150 3453 264 3507 sorum.
279 3451 325 3505 Qui
341 3451 354 3496 e
369 3452 409 3495 nel
424 3465 496 3496 senso
512 3451 536 3495 di
552 3451 625 3504 luogo
640 3464 685 3496 ove
701 3451 829 3496 trattavasi
848 3455 911 3495 tutta
925 3450 1009 3503 specio
1025 3449 1048 3494 di
1063 3462 1146 3503 cause,
1161 3465 1229 3496 mas-

152 3519 212 3564 sime
222 3517 373 3571 daiprotori.
388 3541 415 3549 -
431 3518 594 3562 subsellio
608 3531 683 3563 erano
691 3517 774 3571 speeie
785 3518 809 3561 di
820 3516 926 3570 agabelli
936 3516 999 3560 usati
1014 3529 1060 3570 por
1074 3516 1149 3561 salire
1160 3518 1227 3569 sugli

151 3584 195 3628 alti
210 3584 273 3628 troni
295 3600 307 3627 e
329 3583 367 3628 sui
381 3584 433 3629 letti
449 3584 504 3637 alti;
518 3585 588 3629 furon
604 3583 656 3629 cosl
671 3582 787 3628 chiernati
803 3583 880 3628 unche
896 3583 901 3626 i
918 3582 988 3635 seggi
1003 3582 1041 3627 do'
1052 3582 1172 3630 senatori:
1187 3597 1227 3628 rau

151 3651 194 3705 qui
209 3650 322 3696 indicano
337 3651 345 3695 i
360 3650 452 3704 giudizi
461 3651 549 3696 minori
560 3665 574 3695 o
584 3651 794 3705 centumviralca,
806 3650 863 3695 fatti
873 3649 913 3693 dai
924 3648 1052 3702 triumviri,
1063 3648 1105 3693 dai
1114 3651 1228 3703 questori

150 3734 165 3763 e
175 3717 216 3762 dui
227 3717 325 3772 tribuni,
335 3731 357 3772 o,
371 3717 395 3762 iu
405 3718 529 3771 generale,
539 3718 546 3762 i
556 3717 668 3771 pubblioi
677 3716 851 3762 dibattimenti.
865 3740 891 3748 —
905 3719 1017 3760 rostra
1031 3715 1045 3759 d
1060 3716 1085 3760 lu
1098 3715 1227 3770 rinchiera

145 3785 178 3826 du
194 3785 235 3828 cui
248 3785 377 3837 purlavasi
393 3785 415 3828 al
433 3785 533 3838 popolo.
551 3783 602 3830 eosl
617 3784 686 3828 dotto
700 3784 768 3835 dagli
783 3782 881 3838 speroni
897 3782 961 3826 delle
978 3781 1035 3826 navi
1051 3781 1076 3826 di
1091 3783 1177 3833 Auzia,
1193 3783 1226 3828 iri

132 3849 230 3897 omres!
238 3864 253 3891 u
264 3856 427 3896 monumento
439 3851 464 3896 di
475 3851 584 3897 viltor-iu.
598 3875 624 3882 —
639 3851 834 3905 eiectamque.
850 3848 948 3895 Ouriu
965 3847 978 3893 ὲ
993 3847 1010 3892 il
1026 3848 1100 3901 luogo
1111 3848 1173 3894 dove
1189 3866 1228 3895 sa-

119 3909 187 3953 ara-iai
204 3913 225 3955 1'l
237 3916 344 3972 Serrano,
359 3920 417 3964 anai
433 3920 452 3966 il
468 3914 563 3967 Senicto
580 3925 662 3966 stesso
678 3918 733 3971 telr.
744 3917 811 3963 libro
826 3917 872 3969 lll,
884 3919 919 3968 l‘l,
929 3916 986 3963 mm.
