2526 4246
161 132 212 185 170
529 145 561 185 nr.
579 144 683 184 runnu
702 141 865 183 creutzerus

159 249 238 315 nihil
262 262 307 315 est
328 249 409 334 quod
432 270 496 314 non
518 249 709 334 adsequatur.
735 248 829 315 Causa
845 257 878 313 ut
896 246 1033 333 penitus,
1049 246 1132 333 quod
1149 246 1224 312 initio

160 352 234 430 dixi,
258 363 328 418 nota
350 354 398 429 sit,
423 353 580 440 diligentia
596 363 654 431 est;
671 362 704 418 ut
719 351 931 417 adversarium
948 360 1066 417 attente
1078 350 1225 418 audiamus
1253 372 1255 379 ·

161 465 251 540 atque
274 466 308 522 ut
329 456 395 521 eius
419 475 480 520 non
504 457 603 522 solum
626 454 800 532 sententias,
824 452 877 519 sed
900 453 995 519 etiam
1019 454 1115 520 verba
1136 453 1224 519 omnia

160 557 356 642 excipiamus,
380 560 483 623 vultus
505 557 638 642 denique
660 557 880 642 perspiciamus
909 575 1028 632 omnes,
1057 557 1109 642 qui
1132 574 1225 621 sensns

85 674 136 727 119
161 661 256 725 animi
278 663 462 746 plerumque
484 660 628 730 indieant,
659 658 816 745 diligentia
839 668 901 723 est:
947 657 1000 745 [id
1023 668 1128 725 tamen
1154 657 1224 723 dissi-

165 765 318 828 mulanter
340 762 446 839 lacere,
470 782 509 826 ne
532 763 587 828 sibi
613 763 665 828 ille
687 761 804 846 aliquid
826 760 979 847 prolicere
1002 761 1224 847 videatunpru·

161 866 265 930 dentia
287 871 361 948 est];
385 865 497 930 deinde
521 876 553 930 ut
568 865 599 930 in
617 865 653 930 iis
668 864 750 942 loeis,
767 884 843 949 qnos
857 884 1034 950 proponam
1056 867 1223 952 paulopost,

161 969 361 1052 pervolvatur
383 968 513 1044 animus,
548 979 582 1033 ut
614 967 737 1052 penitus
761 967 894 1032 insinuet
916 966 950 1031 in
984 987 1118 1046 cansam,
1143 977 1175 1033 nt
1192 966 1222 1030 sit
1252 1052 1255 1061 Ι

162 1090 233 1134 eura
256 1079 286 1134 et
307 1070 486 1154 cogitatione
502 1070 645 1147 intentus
663 1069 819 1156 diligentia
842 1079 900 1147 est3
924 1069 1026 1135 uthis
1049 1069 1139 1137 rebus
1152 1068 1221 1161 adhi·
1251 1064 1255 1083 ⁴

163 1172 232 1236 beat
253 1182 409 1256 tamquam
434 1174 536 1237 lumen
552 1172 674 1257 aliquod
690 1172 882 1248 memoriam,
905 1181 939 1236 ut
962 1192 1081 1251 vooem,
1096 1183 1130 1240 ut
1145 1172 1218 1247 vires,

87 1293 137 1348 150
162 1274 324 1359 diligentie
345 1287 395 1339 est.
447 1274 530 1340 lnter
555 1276 714 1361 ingenium
744 1274 870 1360 quidem
900 1285 930 1340 et
958 1274 1148 1362 diligentiam
1167 1292 1218 1360 per·

162 1379 289 1463 paulum
312 1377 367 1442 loci
393 1377 546 1462 reliquum
569 1386 613 1442 est
640 1377 707 1441 arti.
733 1378 787 1441 hrs
809 1376 1000 1442 demonstrat
1029 1388 1158 1453 tantum,
1177 1374 1215 1443 nbi

163 1500 300 1564 quaeras
324 1491 414 1565 atque
437 1479 489 1545 ubi
513 1480 551 1543 sit
574 1478 660 1556 illud,
685 1479 766 1563 quod
789 1480 910 1545 studeas
933 1478 1093 1560 invenire3
1121 1480 1215 1563 reliqna

163 1583 282 1647 suntin
305 1603 386 1659 eura,
403 1582 570 1647 attentione
586 1582 691 1659 animi,
708 1582 897 1668 rogitatione,
922 1582 1093 1669 vigilantia,
1108 1579 1216 1649 adsidui·

163 1695 233 1761 tate,
257 1686 374 1750 labore:
390 1687 573 1769 complectar
588 1705 650 1750 uno
665 1685 770 1762 verbo,
786 1705 846 1770 quo
861 1705 952 1770 saepe
976 1686 1039 1750 iam
1061 1687 1107 1753 usi
1122 1702 1216 1758 sumus,

163 1785 334 1871 diligentia3
370 1806 428 1870 qua
462 1807 523 1851 una
557 1787 670 1851 virtute
703 1787 831 1852 virtutes
860 1787 999 1871 reliquae
1033 1789 1215 1854 eontinentur.

88 1904 133 1957 151
164 1887 239 1951 Nam
262 1888 407 1952 orationis
430 1888 554 1973 quidem
570 1889 656 1975 eopia
672 1889 812 1956 videmus
828 1900 861 1954 nt
876 1889 1035 1956 abundent
1050 1885 1216 1976 philosophi,

164 1990 226 2074 qni,
250 2000 284 2055 ut
307 2010 417 2075 opinor
439 2028 480 2038 —
503 1991 555 2056 sed
573 2002 604 2057 tu
623 1992 704 2069 haee,
729 1991 843 2069 Catule,
863 1993 973 2057 melius
991 2030 1034 2041 —-
1056 1995 1140 2060 nulla
1158 1991 1217 2057 dant

163 2103 323 2179 praecepta
343 2093 462 2159 dicendi
488 2114 543 2158 nee
566 2094 675 2159 ideireo
697 2095 810 2172 minus,
827 2114 1038 2181 quaecumque
1060 2117 1109 2162 res
1128 2111 1218 2182 propo

164 2197 219 2261 sita
242 2207 296 2274 est,
321 2197 497 2282 suscipiunt,
522 2196 559 2262 de
585 2218 644 2282 qua
666 2198 785 2282 copiose
807 2209 837 2263 et
853 2198 1048 2265 abundanter
1062 2202 1217 2285 loquantur.

88 2331 138 2386 152
207 2299 376 2365 XXXVI.
399 2299 476 2364 Tum
500 2298 638 2364 Catulus:
670 2299 729 2377 Est,
758 2300 867 2384 inquit,
890 2311 924 2367 ut
950 2301 1036 2380 dieis,
1060 2300 1174 2376 Antoni,
1193 2305 1218 2362 ut

163 2403 305 2487 plerique
319 2402 494 2487 philosophi
512 2404 597 2467 nulla
613 2402 735 2467 tradant
749 2414 911 2490 praerepta
925 2403 1046 2470 dicendi
1059 2413 1090 2470 et
1105 2403 1218 2469 habeant

164 2515 304 2590 paratum
328 2516 429 2570 tamen
449 2504 522 2589 quid
545 2504 582 2569 de
605 2525 725 2590 quaque
748 2525 781 2570 re
799 2505 907 2570 dicant.
925 2505 984 2571 Sed
1000 2507 1178 2582 Aristoteles,
1191 2502 1218 2576 is,

165 2627 255 2692 quem
279 2628 332 2693 ego
354 2608 488 2671 maxime
510 2607 654 2684 admiror,
678 2609 779 2692 posuit
797 2608 944 2692 quosdam
960 2610 1050 2686 loeus,
1073 2607 1218 2695 exquibus

165 2710 264 2774 omnis
287 2710 457 2796 argumenti
482 2710 530 2774 via
559 2730 619 2775 non
648 2709 738 2776 modo
765 2710 804 2775 ad
826 2711 1083 2797 philosophorum
1105 2712 1219 2797 disputa·
1249 2696 1255 2737 ⁴

166 2812 289 2890 tionem,
313 2813 366 2877 sed
388 2813 479 2877 etiam
503 2812 541 2877 ad
561 2812 639 2877 hano
661 2814 839 2889 orationem,
860 2834 920 2898 qua
942 2814 975 2878 in
998 2816 1095 2881 causis
1110 2814 1218 2885 utimur,
1252 2814 1255 2891 ζ

232 2993 303 3037 148.
319 2993 404 3036 nihil
423 2997 468 3036 est
488 2992 570 3046 quod
591 3004 652 3035 non
667 3005 680 3035 e
695 3005 742 3036 non
758 2993 830 3046 quin,
844 2992 935 3046 perche
951 2992 994 3046 qui
1009 2995 1078 3049 quod
1093 2994 1106 3040 b
1120 3000 1218 3041 tertuuml
1253 2986 1255 2991 ¹

165 3073 212 3103 uon
227 3058 384 3104 nominativo.
397 3082 423 3088 -
441 3056 545 3103 Causa
560 3061 629 3104 ut...
641 3057 744 3111 Disponi
759 3058 817 3103 oosl.
828 3059 974 3113 Diligentius
989 3064 1028 3105 est
1041 3060 1219 3113 (trecennium
1252 3056 1255 3085 ⁴

166 3127 178 3169 i
194 3140 250 3170 essu
265 3125 348 3180 quelle
358 3138 412 3178 per.
421 3161 426 3170 .
435 3134 451 3174 ‚t
463 3129 491 3169 ut
501 3137 583 3169 causa
594 3128 656 3169 iota
669 3125 711 3168 ait.
726 3148 751 3155 -—
766 3126 876 3170 vultus
890 3127 933 3170 ==i
946 3126 1120 3172 euntbiementi
1128 3127 1151 3171 di
1159 3123 1218 3170 vulto·
1250 3092 1255 3153 1

232 3213 302 3258 14⁰.
319 3213 384 3265 ille,
398 3211 451 3256 uiola
462 3213 639 3257 adversarius.
648 3235 671 3243 -
684 3212 786 3266 panto
797 3216 858 3267 poet
869 3234 895 3246 =
907 3213 946 3258 fro
959 3226 1031 3268 poco.
1045 3239 1071 3247 -
1085 3211 1219 3261 insinuet-

166 3280 212 3333 Qni
226 3281 333 3325 insinuo
348 3279 361 3323 ὲ
376 3284 448 3323 nseto
457 3293 471 3324 s
481 3281 528 3323 mo'
536 3278 724 3328 d'intransitivo,
733 3280 772 3324 nel
784 3279 923 3332 significatu
933 3279 970 3325 di:
984 3284 1090 3334 entrare.
1099 3286 1218 3336 penetrare·

232 3366 302 3409 15⁰.
318 3365 366 3409 rel
371 3378 424 3419 squ
432 3376 480 3408 mm
495 3367 541 3408 est
556 3363 628 3415 arti,
642 3362 733 3416 perche
747 3363 871 3417 l’ingegno
883 3364 1220 3412 el‘aoouratezzahmtmte.

166 3443 179 3474 o
195 3430 274 3484 quasi,
287 3431 360 3484 piene
376 3431 398 3474 le
413 3430 479 3484 parti
493 3440 512 3474 ›.
529 3453 554 3460 -
575 3430 629 3474 ubl
650 3442 791 3483 quaeras
812 3450 839 3464 =
855 3430 917 3474 dove.
932 3438 958 3474 tu
973 3430 1056 3477 dobba
1070 3432 1218 3477 rineresre.⁶

166 3509 228 3549 qua
243 3509 343 3542 una...
361 3497 575 3549 eontinentur,
590 3494 654 3539 sulla
668 3495 742 3549 quule
757 3495 902 3542 ailonduno.

233 3576 298 3620 151.
314 3579 347 3618 ut
362 3576 526 3620 aburzdent
543 3594 571 3609 -
584 3582 676 3628 quanto
692 3575 745 3619 sian
761 3576 844 3621 forniti
860 3592 875 3621 u
890 3576 993 3622 dovizie.

206 3653 280 3706 vap.
296 3654 449 3699 xxxvl.
470 3679 494 3686 --
516 3655 584 3698 1³2·
598 3653 698 3700 Est...
724 3660 758 3700 ut
780 3657 939 3711 plerique,
960 3669 1010 3701 esc.
1029 3656 1079 3701 Est
1100 3656 1168 3701 rnole
1185 3647 1219 3695 lut

167 3719 272 3772 quando,
287 3732 355 3765 some
370 3721 420 3774 qui,
435 3719 558 3772 significa:
572 3720 593 3764 si
608 3720 640 3764 du
661 3719 677 3763 il
694 3732 752 3766 soso
767 3722 849 3769 ohe...
865 3747 892 3754 -
911 3722 1118 3777 Aristoteles,
1131 3722 1148 3775 l,
1160 3721 1218 3787 49.ss
1251 3742 1255 3781 q

160 3787 274 3840 posuit
289 3786 445 3840 quosdam
460 3786 552 3840 locos,
565 3786 581 3830 i.
596 3786 652 3830 ain
665 3784 777 3841 Topicis.
791 3789 839 3834 Clr.
854 3789 910 3842 Cio„
928 3787 1033 3843 Topica,
1040 3788 1059 3844 1,
1069 3792 1102 3835 le
1117 3786 1219 3851 seguenll

158 3875 184 3883 -
202 3853 268 3898 uia:
289 3853 363 3900 niodo
387 3852 411 3900 di
433 3858 540 3901 trotture
559 3851 681 3898 melodieo
701 3852 802 3906 (Sorof).
816 3878 842 3886 -
864 3855 1044 3900 orationem
1064 3876 1092 3891 -
1107 3842 1219 3909 stentarefl¹
1251 3902 1255 3915 ⁴
