2526 4246
136 153 172 205 74
504 166 537 204 u.
557 165 662 205 runnu
680 165 843 206 emersurus

136 271 347 358 pulatiuncula
370 282 490 337 etcum
516 271 655 357 obsignes
678 271 804 336 tabellas
826 269 945 337 clientis
966 269 1021 348 tui,
1045 268 1158 356 quibus
1178 269 1208 332 in

136 369 257 435 tabellis
269 369 300 434 id
312 371 351 435 sit
361 369 518 456 scriptum,
534 389 594 455 quo
609 369 662 434 ille
677 369 822 455 capiatur,
839 389 893 456 ego
908 369 963 458 tihi
977 370 1076 435 ullam
1091 387 1208 434 causam

137 467 286 533 maiorem
308 467 558 534 committendam
580 471 708 554 putem?
732 466 826 534 Citius
849 467 972 533 hercule
995 467 1034 544 is,
1058 466 1112 553 qni
1142 465 1209 532 duo

138 586 208 632 rum
223 567 404 631 scalmorum
422 565 592 631 naviculam
610 566 749 651 inportu
766 565 920 643 everterit,
938 566 969 630 in
985 564 1105 632 Euxino
1119 573 1209 651 ponto

61 678 112 730 175
137 664 379 752 Argonautarum
398 684 508 730 navem
524 665 710 750 gubernarit.
748 663 848 748 Quid?
864 665 887 728 si
905 684 945 730 ue
959 683 1073 750 parrae
1088 662 1209 749 quidem

137 783 244 830 causae
265 773 345 840 sunt,
369 763 421 828 sed
444 783 534 848 saepe
556 763 717 841 maximae,
742 763 774 827 in
797 762 908 848 quihus
929 771 1062 828 certatur
1085 760 1125 827 de
1147 761 1209 825 inre

138 861 230 937 civili,
249 860 330 946 quod
350 860 473 926 tandem
489 881 522 925 os
537 871 582 926 est
596 861 678 926 illius
693 860 825 947 patroni,
842 861 893 946 qui
909 859 947 925 ad
962 879 1013 926 eas
1028 879 1134 926 causas
1147 858 1209 924 sine

138 960 201 1025 nlla
228 958 351 1024 scientia
378 959 454 1024 iuris
485 958 576 1025 audet
605 959 766 1025 accedere?
789 958 873 1043 Quae
900 959 1000 1044 potuit
1029 956 1124 1045 igitur
1149 976 1210 1023 esse

138 1077 225 1122 causa
249 1057 355 1133 maior,
379 1076 471 1142 quam
493 1057 576 1122 illius
596 1057 720 1122 militis‘l
736 1057 775 1123 de
790 1057 874 1124 cuius
889 1067 988 1122 morte
1001 1076 1072 1123 cum
1087 1055 1210 1122 domum

138 1153 231 1219 falsns
253 1154 291 1219 ab
313 1154 448 1220 exercitu
470 1155 596 1219 nuntius
619 1155 752 1221 venisset
774 1165 804 1220 et
829 1164 918 1241 pater
944 1154 1009 1220 eius
1036 1173 1071 1219 re
1100 1153 1210 1219 credita

139 1261 354 1318 testamentum
377 1262 523 1334 mutasset
544 1262 583 1329 et,
607 1272 699 1338 quem
721 1254 748 1318 ei
773 1253 873 1320 visum
888 1264 975 1329 esset,
994 1251 1113 1318 fecisset
1129 1252 1212 1317 here

139 1350 210 1414 dem
232 1360 370 1435 essetque
394 1349 457 1435 ipse
479 1360 634 1416 mortuns:
659 1372 707 1416 res
733 1350 832 1416 delata
861 1363 906 1416 est
932 1349 969 1415 ud
996 1349 1210 1425 centumviros,

139 1468 208 1516 cum
231 1449 319 1516 miles
340 1448 466 1515 domum
490 1450 657 1516 revenisset
678 1450 846 1536 egissetque
869 1451 934 1536 lege
956 1449 988 1513 in
1011 1449 1212 1514 hereditatem

139 1557 299 1632 paternam
324 1557 502 1613 testamento
524 1547 654 1613 exheres
677 1548 766 1613 lilius.
791 1546 905 1633 Nempe
923 1547 956 1611 in
972 1567 1007 1613 ea
1022 1567 1110 1612 causa
1126 1566 1213 1633 quae

140 1646 232 1711 situm
248 1656 293 1711 est
307 1645 345 1711 de
360 1645 427 1711 inre
442 1646 534 1723 civili,
550 1656 692 1731 possetne
706 1656 905 1732 paternorum
921 1645 1071 1711 honorum
1085 1645 1214 1711 exheres

141 1763 205 1810 esse
221 1742 312 1820 filius,
329 1763 420 1828 quem
438 1754 525 1828 pater
540 1753 720 1809 testamento
736 1763 835 1829 neque
850 1742 996 1809 heredem
1012 1763 1114 1829 neque
1125 1743 1214 1809 exhe-

141 1841 246 1907 redem
269 1841 436 1926 scripsisset
457 1842 660 1907 nominatim?

66 1950 115 2002 176
184 1939 358 2005 XXXlX.
381 1938 478 2022 Quid?
502 1960 561 2024 qua
584 1940 622 2005 de
645 1960 678 2005 re
693 1941 774 2006 inter
789 1940 944 2006 Marcellos
962 1951 992 2004 et
1007 1939 1150 2006 Claudios
1167 1961 1216 2026 pa-

141 2037 242 2103 tricios
264 2038 444 2103 centumviri
473 2038 662 2116 iudicarunt,
697 2058 765 2104 cnm
792 2038 924 2104 Marcelli
951 2038 990 2104 ab
1020 2038 1123 2103 liberti
1153 2038 1215 2104 filio

209 2245 279 2289 1⁷4.
302 2245 457 2289 didicisse
472 2243 578 2298 dipende
589 2243 621 2287 dn
631 2257 663 2287 nn
679 2243 772 2287 infinito
784 2243 806 2286 di
818 2243 957 2295 significato
973 2243 1044 2288 affine
1059 2256 1075 2288 e
1088 2245 1217 2300 confiteri}

141 2311 215 2365 quale
230 2311 305 2356 sard?
319 2311 438 2355 Premetti
453 2310 494 2364 poi
510 2309 722 2363 un'evvsrsutive,
735 2323 781 2363 per
795 2313 972 2363 contrepporre
988 2309 1037 2354 l'un
1052 2315 1166 2355 ooucetto
1181 2311 1216 2355 al·

140 2379 229 2423 l‘eltro.
243 2401 267 2408 -
289 2377 587 2432 stipulatiuncula,
609 2381 731 2421 eontrntto
751 2375 837 2420 scritto
856 2375 880 2422 di
902 2389 1042 2430 promesso,
1056 2376 1102 2422 ohe
1124 2377 1177 2423 cosl
1196 2377 1216 2422 si

142 2446 294 2498 esprimere:
315 2443 457 2499 Spondesl
477 2445 597 2498 spondeo.
619 2442 778 2487 Promittis?
800 2444 935 2498 promitto.
960 2441 1027 2487 Fide
1050 2444 1146 2489 iubes?
1162 2444 1217 2499 fide

142 2513 222 2555 iubeo.
243 2534 268 2542 -
290 2512 445 2565 cupiatur
464 2531 491 2544 =
506 2510 542 2554 sie
557 2512 631 2553 trutto
647 2509 671 2553 ln
686 2509 801 2562 ingenuo.
815 2533 841 2540 —
854 2509 959 2554 ullum
973 2522 1113 2555 causam.
1132 2511 1217 2563 L'ugg.

141 2577 215 2621 ullus
230 2577 243 2621 ὸ
257 2581 336 2628 ussto,
350 2577 412 2620 oltre
434 2575 479 2620 che
494 2576 558 2620 nelle
581 2575 747 2628 proposizioni
769 2575 850 2620 eventi
867 2588 939 2620 senso
954 2575 1078 2630 negativo,
1092 2577 1159 2622 nelle
1173 2577 1216 2622 do·

142 2643 230 2687 rnunde
245 2642 373 2694 retoriche,
384 2641 437 2686 eioh
452 2642 476 2686 in
488 2641 569 2695 quelle
580 2641 624 2685 ohe
636 2654 684 2685 nou
694 2646 824 2695 espettano
835 2641 943 2694 rispostu
953 2642 1050 2697 alcuna,
1060 2655 1074 2687 o
1085 2642 1139 2695 ohe,
1148 2656 1216 2689 come

143 2708 194 2762 qui,
206 2709 354 2762 l’uspetteno
364 2708 487 2760 negative.
498 2709 667 2752 -duorum
685 2709 939 2752 scalmorum=u
950 2708 998 2752 dne
1009 2709 1081 2753 remi:
1095 2711 1213 2754 acuimus

143 2774 156 2819 d
171 2775 188 2819 il
203 2775 329 2819 curicehio
343 2788 358 2818 e
372 2774 411 2818 cni
426 2775 465 2818 nei
476 2774 605 2819 bnrchielli
621 2773 641 2818 si
653 2775 732 2827 leges
748 2774 875 2829 appoggiu
890 2774 906 2818 il
921 2787 1003 2828 rem03
1017 2775 1060 2829 qui
1075 2775 1089 2820 e
1103 2780 1177 2821 ussto
1191 2776 1215 2820 le

142 2845 213 2895 purte
232 2841 271 2895 pel
292 2845 364 2885 tutto.
387 2864 411 2871 -
432 2842 586 2885 everterit
606 2861 633 2874 =
652 2841 728 2885 ebbio
742 2839 803 2885 letto
818 2841 976 2894 naufragare.
992 2865 1018 2872 -
1036 2843 1069 2886 in
1088 2841 1217 2888 Euxine

139 2912 239 2963 poulo
257 2928 284 2941 ==·
300 2907 339 2951 nel
350 2921 402 2950 mer
419 2907 584 2957 Nero‚'molt0
595 2912 752 2960 tempestoso.
767 2930 793 2938 -
806 2909 1076 2962 Aruouautarum
1093 2921 1216 2961 nauem,

143 2975 168 3019 le
184 2987 247 3020 neve
263 2987 309 3018 con
325 2973 365 3017 cni
380 2973 475 3026 llreole,
489 2973 596 3018 Giesone
612 2973 641 3017 ed
657 2973 713 3018 ultri
729 2973 819 3027 d'Argo
834 2973 943 3018 anderun
957 2974 1152 3020 nellellolehide
1166 2976 1216 3021 alle

143 3041 273 3095 conquisto
287 3039 327 3085 del
341 3040 406 3085 vello
420 3040 494 3085 d'oro.

211 3120 280 3163 175.
303 3120 392 3174 quod.
401 3155 420 3165 ..
438 3132 484 3173 cs,
498 3132 547 3164 ecc.
556 3140 583 3154 -
593 3120 653 3173 qual
661 3123 780 3163 urvocuto
789 3119 849 3164 arrii
859 3124 928 3163 tante
938 3118 1102 3165 sfrouteteuua
1110 3121 1152 3168 de.
1160 3157 1165 3167 .
1174 3158 1179 3168 .
1189 3144 1215 3152 -

142 3186 477 3242 icitur-peresempio.
493 3211 517 3217 -
535 3189 719 3231 testamento
743 3188 874 3231 exheres
894 3187 995 3242 silius
1013 3207 1040 3221 -
1059 3187 1077 3231 il
1096 3187 1213 3241 figliodi·

144 3253 257 3299 seredeto
274 3252 315 3297 dul
333 3256 487 3297 testamento.
500 3253 564 3297 Allri
579 3252 737 3306 supprimono
754 3253 793 3297 nel
811 3257 875 3297 testo
894 3257 981 3307 queste
995 3254 1089 3306 perulo.
1103 3277 1130 3285 -
1141 3268 1214 3310 pos·

142 3324 243 3373 setue,
257 3333 306 3364 ecc.
325 3319 432 3363 Intendi:
443 3320 547 3364 essendo
563 3319 579 3362 il
597 3318 664 3371 figlio
681 3331 726 3371 per
743 3318 827 3363 diritto
843 3318 916 3362 erede
931 3318 971 3363 del
986 3318 1072 3374 padre,
1086 3321 1126 3364 nel
1141 3325 1214 3366 teste·

143 3392 224 3431 mento
240 3386 260 3430 si
275 3385 336 3430 deve
351 3385 404 3429 dire
419 3386 643 3440 sperulicutemente
658 3386 834 3434 (nominatim)
844 3385 888 3430 che
903 3385 953 3438 egli
970 3383 1091 3431 eesclnso
1106 3386 1215 3432 dull'ere·

143 3451 202 3496 dits.
218 3452 288 3505 Gaio,
299 3452 384 3499 Paulo.
401 3452 556 3496 Ginstiniano
571 3451 714 3496 dichiaruno
734 3452 815 3496 inlatti
834 3451 900 3496 nullo
920 3452 937 3495 il
954 3456 1102 3498 testamento
1112 3453 1138 3498 in
1148 3452 1213 3498 cuiil

143 3518 210 3571 figlio
221 3517 251 3561 nl=
261 3518 370 3562 siusteto
385 3518 509 3563 nominato
527 3518 607 3571 erede,
621 3518 651 3561 ne
666 3517 805 3562 discreduto
821 3517 1025 3571 esplicitumente.
1034 3518 1136 3564 Valerio
1152 3518 1214 3564 ntus-

143 3585 204 3630 simo
214 3583 264 3633 (lib.
274 3587 295 3632 7)
304 3598 377 3627 nuria
387 3584 412 3627 ln
422 3585 498 3628 sturia
508 3584 532 3627 di
544 3588 630 3638 questo
641 3584 746 3637 soldaio,
760 3598 773 3629 e
789 3584 842 3629 dice
858 3584 902 3629 che
918 3599 932 3629 a
947 3584 1013 3638 pieni
1028 3584 1079 3630 voti
1094 3585 1120 3630 fu
1135 3598 1213 3631 messe

141 3650 167 3695 iu
182 3663 297 3704 possesso
313 3648 472 3695 dell'ereditd.

184 3751 258 3803 cap.
280 3750 436 3794 xxxlx.
458 3774 484 3781 -
504 3751 575 3795 170.
597 3764 659 3805 qua
680 3751 715 3796 de
735 3765 769 3797 re
789 3769 816 3787 -
836 3752 886 3796 iliu
906 3764 935 3796 re
956 3752 987 3796 de
1008 3766 1109 3807 qua.—
1128 3754 1216 3798 inter

138 3820 318 3865 Marcellos
337 3824 365 3864 et
386 3819 546 3865 Claudios.
567 3821 613 3874 Qui
636 3820 657 3865 ei
678 3822 704 3866 fu
725 3821 848 3876 quistione
864 3822 902 3866 lna
916 3821 924 3865 i
939 3823 1108 3869 comentetori.
1128 3823 1162 3869 Le
1177 3823 1214 3868 ls-

126 3885 217 3936 miglis
238 3885 343 3931 Clundie
364 3899 423 3931 erun
443 3886 500 3943 dne,
521 3886 587 3932 l’une
604 3887 721 3943 petrinis:
742 3887 849 3934 alaudia·
868 3887 986 3943 Pulchri,
1004 3889 1092 3935 l’ultre
1112 3888 1215 3944 plebes:
