2558 4236
248 196 290 235 nu
307 194 454 236 ounronu
472 194 534 234 ms.
554 194 602 244 111,
623 194 691 235 car.
709 194 838 242 xiv-xv,
859 192 948 245 tte-ao
1090 177 1142 230 285

51 311 145 378 rent,
170 320 222 366 eos
244 299 366 387 negavit
388 297 488 367 adbuc
509 317 542 363 se
564 297 677 363 vidisse
692 297 841 363 Antonius
856 307 886 363 et
903 297 938 361 iis
955 298 1011 363 boc
1025 317 1139 363 nomen

52 400 142 464 dixit
166 397 359 484 eloquentiae
370 396 442 462 solis
457 416 522 463 esse
541 395 748 461 tribuendum.
759 394 859 478 Quare
876 395 947 461 istos
969 415 1075 460 omnes
1090 409 1141 460 me

55 508 188 565 auctore
210 496 347 562 deridete
368 506 459 581 atque
480 495 676 569 contemnite,
700 494 806 579 quise
835 494 960 571 borum,
983 495 1035 580 qui
1058 513 1142 559 nunc

57 599 104 662 ita
126 596 335 682 appellantur,
361 593 522 659 rhetorum
550 591 719 678 praeceptis
751 611 874 657 omnem
897 603 1053 658 oratorum
1075 591 1139 655 vim

57 695 240 780 complexos
262 713 327 758 esse
348 690 538 757 arbitrantur
561 710 661 777 neque
684 689 783 755 adbuc
805 710 897 776 quam
920 710 1083 776 personam
1099 700 1140 754 te-

59 802 160 859 neant
181 802 234 857 aut
255 776 329 876 quid
352 789 555 876 profiteantur
578 789 755 875 intellegere
770 798 945 874 potuerunt.
962 788 1041 853 Vero
1054 788 1139 854 enim

59 890 194 966 oratori,
221 898 397 975 quaesunt
429 887 461 952 iu
492 887 655 952 bominum
684 887 764 963 vita,
795 887 917 972 quando
946 886 1071 972 quidem
1106 887 1138 951 in

58 1014 96 1056 ea
113 998 256 1056 versatur
277 997 379 1052 orator
401 996 492 1072 atque
517 1006 552 1051 ea
574 995 619 1051 est
641 985 669 1050 ei
692 986 825 1051 subiecta
857 985 1008 1063 materies,
1036 987 1138 1051 omnia

59 1088 210 1176 quaesita,
233 1085 346 1162 audita,
362 1086 448 1161 lecta,
464 1084 626 1168 disputata,
639 1094 774 1160 tractata,
797 1085 907 1170 agitata
929 1105 994 1150 esse
1016 1085 1137 1151 debent.

61 1190 113 1254 list
129 1187 216 1253 enim
230 1183 404 1269 eloquentia
419 1202 480 1248 una
492 1181 643 1268 quaedam
655 1181 693 1247 de
704 1183 832 1248 summis
844 1183 1023 1262 virtutibus;
1036 1204 1140 1268 quam·

59 1306 157 1374 quam
181 1292 253 1350 sunt
274 1302 381 1347 omnes
403 1280 531 1346 virtutes
555 1281 697 1367 aequales
719 1291 749 1345 et
771 1301 869 1365 pares,
892 1281 945 1346 sed
968 1292 1070 1347 tamen
1094 1296 1139 1348 est

61 1385 166 1473 specie
188 1383 248 1449 alia
269 1381 366 1468 magis
381 1380 439 1445 alia
455 1379 587 1444 formosa
603 1389 633 1445 et
648 1380 792 1453 illustris;
809 1380 885 1444 sicut
901 1378 975 1446 baec
992 1381 1048 1456 riS,
1061 1403 1138 1467 quae

61 1483 224 1573 sqientiam
245 1481 404 1564 complexa
426 1498 532 1543 rerum
554 1498 640 1543 sensa
657 1478 769 1543 mentis
784 1488 815 1542 et
833 1479 957 1543 consilia
979 1480 1021 1545 sio
1036 1480 1138 1546 verbis
1197 1489 1201 1496 '

60 1586 99 1649 ‘ex
139 1558 263 1657 aidus
291 1598 353 1655 eos,
380 1575 433 1662 qui
462 1575 597 1652 audiant,
621 1596 812 1661 quocumque
840 1576 1021 1655 incubuerit,
1044 1580 1138 1663 possit

63 1681 243 1768 impellere;
266 1696 344 1762 quae
365 1695 426 1760 quo
448 1674 546 1739 maior
575 1684 620 1739 est
646 1674 701 1750 vis,
726 1674 782 1740 boc
804 1686 848 1740 est
871 1675 966 1761 magis
987 1677 1138 1761 probitate

62 1777 219 1864 iungenda
242 1793 422 1859 summaque
443 1772 621 1858 prudentia;
644 1794 776 1858 quarum
790 1773 940 1840 virtutum
961 1777 1137 1859 expertibus

61 1882 85 1947 si
109 1875 233 1943 dicendi
254 1872 372 1958 copiam
395 1870 621 1946 tradiderimus,
637 1891 699 1936 non
719 1892 769 1936 eos
785 1871 908 1956 quidem
920 1884 1055 1940 oratores
1069 1879 1138 1944 elle-

60 1979 205 2052 cerimus,
228 1972 281 2038 sed
303 1970 475 2037 furentibus
497 1969 647 2054 quaedam
668 1990 753 2035 arma
776 1970 959 2039 dederimus.

105 2081 183 2148 XV.
216 2077 307 2153 Hanc,
333 2075 473 2160 inquam,
499 2072 650 2159 cogitandi
676 2076 959 2162 pronuntiandique
986 2081 1136 2146 rationem
1165 2078 1177 2106 ’”

62 2183 192 2266 vimque
212 2173 333 2241 dicendi
355 2183 473 2238 veteres
496 2170 601 2236 Graeci
631 2172 812 2256 sapientiam
835 2175 1044 2241 nominabant.
1062 2179 1136 2244 Hinc

61 2281 108 2346 illi
131 2274 269 2364 Lycurgi,
293 2272 366 2337 bino
387 2271 501 2345 Pittaci,
527 2270 597 2334 binc
620 2270 746 2335 Solones
773 2282 863 2362 atque
892 2274 930 2338 ab
954 2275 1010 2341 bac
1032 2275 1136 2341 simili-

66 2402 346 2420 —„......-.

129 2456 182 2501 ⁶4.
196 2477 223 2486 -
243 2452 385 2507 nouauit,
405 2449 458 2495 oiob
472 2449 512 2493 nel
531 2448 572 2493 lib.
587 2449 606 2502 I,
619 2451 652 2493 ea
667 2449 691 2493 Si
706 2449 747 2494 diu
762 2463 777 2493 a
791 2463 887 2504 neqare
901 2450 918 2494 il
933 2466 977 2497 suo
987 2466 1045 2498 vero
1061 2454 1136 2507 signi-

58 2525 149 2571 ficato:
164 2521 218 2566 dire
232 2518 277 2565 ohe
298 2531 384 2564 non...
405 2540 431 2548 -
454 2529 601 2562 nomen...
628 2516 833 2570 eloquentiae.
854 2518 960 2562 Traduei
977 2533 1071 2565 nomen
1090 2535 1135 2565 oon

9 2622 21 2651 q
57 2592 138 2646 lama
153 2587 186 2634 ed
200 2585 362 2641 eloquentiae
376 2596 422 2628 con
437 2583 519 2635 luga:
530 2582 558 2625 di
572 2582 708 2636 eloquenti.
722 2605 748 2613 -
762 2596 807 2626 nae
828 2588 959 2629 erectore
977 2603 1003 2620 =
1018 2600 1044 2632 se
1053 2587 1135 2632 volate

59 2659 106 2704 der
127 2659 194 2702 rettc
208 2667 224 2698 a
237 2665 284 2705 me,
302 2650 401 2705 seguire
415 2649 433 2693 il
448 2649 496 2693 mio
511 2648 640 2701 eonsiglio.
654 2672 680 2679 -
701 2662 795 2703 quarn
808 2663 984 2704 personam
1005 2657 1134 2699 teneant

59 2744 85 2762 =
105 2721 168 2779 qual
190 2723 262 2774 perte
281 2717 430 2771 importante
453 2714 650 2768 roppresentino.
664 2738 689 2746 -
718 2714 797 2760 Vero
814 2717 936 2762 concorde
955 2730 1001 2763 oon
1022 2723 1136 2777 oratori,-

60 2803 177 2837 cero...
193 2785 319 2833 oratori
334 2783 347 2827 ὸ
362 2782 379 2827 il
395 2782 443 2827 dat.
453 2781 476 2825 di
492 2794 599 2835 persono
612 2782 696 2826 voluto
712 2781 752 2826 dai
763 2783 877 2834 sequenti
891 2784 979 2838 partio.
993 2788 1055 2840 perf.
1069 2803 1136 2842 pass.

58 2856 192 2913 qaeneslta,
208 2852 311 2898 audita.
331 2862 380 2895 eoo.
397 2872 424 2879 —-
443 2861 522 2902 quac
537 2847 649 2899 (relativo
669 2848 693 2892 di
708 2850 806 2901 onznia)
828 2855 902 2896 stent
926 2853 959 2897 in
973 2854 1136 2902 leontinum

59 2926 128 2969 cita
150 2939 177 2957 =
198 2921 291 2974 quanto
310 2928 431 2962 concorne
448 2914 465 2958 il
482 2919 590 2959 costume
609 2928 621 2958 e
636 2915 653 2958 il
664 2914 746 2959 vivero
762 2916 826 2969 degli
847 2918 947 2972 uomini,
961 2919 1014 2965 clod
1028 2922 1136 2970 l’umano

56 2989 254 3037 convivenza.—
268 2983 395 3039 qnando
410 2982 534 3036 quidem
547 2999 572 3016 =
589 2982 660 3035 quia,
676 2982 807 3036 qnoniam.

129 3067 181 3112 55.
203 3076 267 3109 nna
290 3062 448 3118 quaedum
472 3061 507 3104 de
530 3061 664 3104 oraminis
686 3062 875 3107 uirtutibus.
890 3064 909 3107 Il
924 3065 1135 3118 pensieroetolto

57 3135 127 3187 dagli
139 3131 221 3184 stoici,
230 3145 243 3175 e
253 3128 391 3183 riprodotto
402 3127 441 3171 nel
452 3126 514 3171 libro
525 3128 541 3179 l,
550 3129 582 3179 83,
591 3127 661 3181 quasi
669 3140 713 3171 con
723 3128 745 3171 le
754 3132 832 3171 stasne
840 3130 926 3181 parole
937 3144 1016 3175 messe
1024 3131 1049 3176 in
1056 3133 1134 3179 boreo

57 3197 598 3249 ellostoicoblnesarco.-quocumque
624 3194 817 3247 incubuerit,
836 3198 944 3249 possit
964 3198 1133 3252 trrrpellere

69 3288 83 3305 =
99 3280 179 3322 possa
188 3264 289 3317 volgare
300 3262 430 3314 dorunque
441 3259 474 3312 gli
486 3260 534 3304 stin
550 3275 564 3303 u
575 3273 656 3304 cuore.
667 3259 818 3304 Incumbrre
833 3266 870 3304 ost
879 3264 1046 3316 propendere,
1056 3266 1134 3311 irreli-

57 3334 123 3380 nari
138 3332 279 3383 voluntate,
297 3328 409 3381 studere,
426 3327 495 3370 uelle.
510 3326 557 3370 Cir.
572 3326 685 3378 Pnnrro,
699 3326 853 3381 Aulularia,
867 3328 909 3381 lV,
925 3332 942 3381 l,
952 3329 1018 3374 versi
1031 3333 1135 3377 593.5942

169 3411 194 3456 Si
208 3423 278 3455 erum
291 3407 360 3452 videt
374 3419 491 3460 superare
506 3419 622 3459 eruorem,
635 3405 681 3449 hoo
696 3405 760 3449 servi
776 3418 830 3450 esse
845 3407 950 3452 officium
965 3422 1021 3454 reor

168 3477 285 3523 Retinere
300 3474 331 3519 ad
346 3473 458 3526 sulutem,
472 3485 519 3516 non
534 3472 598 3516 enim
614 3485 662 3526 quo
676 3471 801 3516 incumbat
816 3486 845 3517 eo
860 3473 985 3528 inpellere.

53 3561 255 3620 -quaedam
272 3571 371 3603 arma.
379 3557 403 3601 Si
414 3556 464 3601 noti
475 3555 519 3600 eho
530 3557 640 3610 quidam
655 3569 700 3600 oon
716 3556 722 3599 i
738 3556 867 3601 sostontivi
878 3571 947 3602 sorve
962 3574 977 3603 a
992 3559 1105 3614 mitigare
1117 3564 1133 3607 il

53 3629 202 3686 significato
216 3626 240 3670 di
255 3622 452 3677 un'espressiono
467 3626 556 3675 troppo
575 3621 662 3675 ordita,
675 3627 748 3666 usnta
764 3622 787 3666 in
803 3637 874 3668 senso
888 3624 1005 3682 ligurato;
1020 3640 1033 3671 e
1048 3628 1069 3672 si
1083 3633 1135 3674 tro·

52 3699 134 3744 duce:
150 3695 174 3740 in
190 3696 258 3738 certo
272 3690 390 3743 muniere,
404 3703 449 3743 per
464 3688 515 3733 cosi
530 3688 589 3742 dire,
604 3702 653 3732 unu
667 3688 751 3742 speeie
766 3689 827 3736 di...

128 3775 206 3829 (lap.
220 3771 290 3817 XV.
306 3793 332 3801 -
347 3771 396 3813 56.
408 3768 688 3824 pro-nuntiandi...
701 3786 726 3804 =
737 3768 760 3812 di
772 3769 926 3815 omuunioore
937 3772 1011 3816 ultrui
1022 3773 1029 3818 i
1039 3777 1134 3829 proprii

49 3832 1027 3903 pensiori.-rationena=giustometodo.-chu·rqi;I‚58.-Pittaci.
1037 3841 1133 3885 Pittaco

49 3922 81 3963 tu
90 3924 144 3959 uno
153 3909 260 3955 de'sette
269 3905 382 3960 sapienti.
392 3905 456 3950 Nato
467 3903 755 3959 alditilene,moriuerso
763 3905 831 3952 ilb'l‘l
840 3907 1149 3964 a.Q.—Sot0nas·,ups
