2558 4236
230 160 274 201 nn
290 159 439 211 onxronrr
456 160 518 201 nra.
537 160 575 213 11,
593 158 660 201 car.
679 152 854 214 nvn-wrm,
872 160 988 212 osae-ast
1097 148 1148 201 mr

60 262 211 342 tertium,
232 263 313 330 sitne
334 263 466 329 oratoris
489 262 586 329 risum
613 264 693 329 velle
721 283 862 343 mover·e;
893 273 1047 349 quartum,
1078 285 1148 350 qna-

63 377 177 445 tenns3
193 365 348 451 quintum,
366 384 444 450 quae
458 364 520 431 sint
534 385 647 452 genera
663 365 794 432 ridiculi.
808 366 903 450 Atque
914 365 991 431 illud
1001 367 1148 452 primunr.

66 468 148 555 quid
169 468 211 533 sit
231 468 298 554 ipse
320 468 410 545 risus,
433 487 493 553 quo
514 479 602 555 pacto
623 468 799 545 concitetur,
823 467 875 533 ubi
898 468 947 544 sit,
975 489 1034 553 quo
1058 469 1148 533 modo

67 571 200 639 exsistat
221 576 313 656 atqrie
335 570 376 635 ita
400 580 526 656 repente
548 581 699 655 erumpat,
718 582 753 636 ut
775 591 846 635 eum
872 571 1028 656 cupientes
1044 581 1148 636 tenere

69 693 274 760 nequeamus,
287 683 318 739 et
328 693 389 759 quo
401 672 491 738 modo
506 673 596 739 simul
614 676 719 752 latera,
732 695 775 751 os,
788 695 892 750 renas,
904 676 1015 750 oculos,
1027 677 1147 741 vultum

67 787 207 863 occupet,
230 776 343 843 viderit
364 776 563 843 Democritus.
586 776 688 863 Neque
711 777 794 843 enim
817 777 855 842 ad
878 778 960 843 hunc
974 798 1147 844 sermonem

69 881 131 945 hoc
152 878 298 965 pertinet,
321 889 360 956 et,
384 879 407 944 si
431 878 608 965 pertineret,
633 880 749 946 nescire
771 900 822 946 me
844 890 946 944 tamen
971 880 1001 945 id
1018 900 1078 945 non
1094 901 1148 966 pu-

67 983 171 1059 deret,
195 980 274 1066 quod
298 1001 338 1047 ne
364 982 409 1047 illi
439 981 563 1067 quidem
596 982 652 1068 ipsi
681 983 808 1059 scirent,
836 983 888 1068 qui
919 984 1145 1068 pollicerentur.

68 1086 169 1151 Locus
190 1095 293 1151 autem
315 1094 345 1151 et
368 1085 450 1169 regio
472 1085 557 1171 quasi
575 1086 694 1151 ridiculi
712 1123 755 1133 -
771 1106 842 1150 nam
858 1086 889 1150 id
905 1086 1044 1171 proxime
1060 1107 1148 1171 quae·
1173 1112 1197 1151 ι.

68 1188 153 1254 ritur
178 1227 217 1235 -
240 1187 432 1273 turpitudine
453 1197 484 1253 et
506 1187 698 1254 deformitate
720 1188 850 1273 quadarn
873 1189 1054 1254 continetur.
1072 1188 1148 1254 llaec

68 1293 158 1358 enim
183 1291 324 1356 ridentur
344 1291 392 1356 vel
416 1293 480 1355 sola
503 1292 550 1356 vel
567 1291 710 1367 maxime,
727 1311 804 1376 quae
819 1303 926 1356 notant
944 1303 975 1356 et
987 1292 1145 1378 designant

69 1393 300 1480 turpitudinem
321 1393 457 1478 aliquam
479 1413 541 1458 non
564 1393 705 1478 turpiter.
731 1392 779 1457 Est
801 1404 913 1470 autem,
943 1405 975 1458 ut
1004 1393 1042 1458 ad
1071 1394 1146 1458 illud

68 1496 201 1563 tertium
223 1495 360 1572 veniam,
383 1507 428 1561 est
449 1498 542 1581 plane
564 1496 693 1560 oratoris
715 1516 839 1561 movere
862 1497 968 1571 risum,
994 1498 1042 1560 vel
1067 1497 1145 1580 quod

70 1601 141 1686 ipsa
169 1598 309 1662 hilaritas
338 1598 582 1664 benevolentiam
606 1598 745 1663 conciliat
767 1599 804 1676 ei,
828 1618 884 1683 per·
907 1617 998 1683 quem
1021 1599 1147 1662 excitata

69 1713 129 1780 est,
153 1703 203 1766 vel
226 1699 308 1785 quod
330 1700 523 1766 admirantur
544 1720 651 1765 omnes
670 1720 807 1776 acumen,
824 1721 885 1765 uno
901 1721 990 1786 saepe
1006 1700 1038 1765 in
1056 1700 1148 1765 rerlro

68 1805 219 1891 positum,
243 1803 377 1868 maxime
400 1802 621 1888 respondentis
645 1823 705 1867 nou
724 1823 881 1887 nunquam
898 1803 988 1867 etiam
1005 1805 1148 1868 lacessen-

69 1908 122 1986 ris,
145 1908 195 1971 vel
220 1904 301 1990 quod
322 1905 434 1989 frangit
448 1905 668 1982 adversarium,
689 1906 768 1990 quod
785 1906 923 1991 impedit,
943 1906 1024 1991 quod
1039 1909 1148 1975 elevat.

71 2009 159 2096 quod
182 2008 325 2082 deterret,
349 2007 431 2093 quod
454 2007 578 2085 refutat,
602 2010 649 2072 vel
674 2007 754 2092 quod
778 2009 877 2094 ipsum
901 2019 1052 2074 oratorem
1075 2009 1149 2094 poli-

72 2124 142 2178 tum
165 2131 230 2176 esse
254 2110 412 2177 hominem
434 2109 593 2196 significat,
609 2110 689 2195 quod
705 2110 869 2187 eruditum,
889 2112 968 2195 quod
985 2112 1147 2187 urbanum,

70 2215 271 2298 maximeque
293 2211 374 2298 quod
396 2212 551 2277 tristitiam
574 2234 607 2278 ac
629 2213 822 2279 severitatem
845 2213 959 2297 mitigat
984 2224 1014 2278 et
1033 2215 1149 2290 relaxat

70 2317 255 2400 odiosasque
278 2334 327 2380 res
348 2335 447 2400 saepe,
471 2336 546 2400 quas
573 2315 760 2402 argumentis
788 2315 863 2379 dilui
893 2336 954 2379 non
981 2315 1067 2379 lacile
1094 2326 1147 2391 est,

70 2421 139 2485 ioco
155 2419 281 2502 risuque
296 2416 443 2482 dissolvit.
482 2415 638 2500 Quatenus
656 2429 757 2483 autem
773 2417 834 2481 sint
851 2417 976 2482 ridicula
994 2417 1148 2481 tractanda
1175 2423 1198 2474 2:

71 2521 189 2588 oratori
213 2539 363 2605 perquam
385 2519 549 2606 diligenter·
563 2520 731 2585 videndum
747 2531 801 2596 est,
818 2519 899 2604 quod
915 2521 945 2583 in
962 2529 1070 2604 quarto
1087 2522 1149 2584 loeo

72 2621 244 2710 quaerendi
265 2642 472 2708 posueramus.
492 2622 566 2687 Nam
583 2643 638 2689 nec
653 2623 780 2709 insignis
800 2623 977 2708 improbitas
992 2633 1023 2688 et
1038 2624 1149 2688 scelere

73 2727 177 2793 iuncta
201 2744 258 2791 nec
280 2744 386 2790 rursus
407 2724 530 2790 miseria
547 2725 674 2810 insignis
693 2725 802 2809 agitata
819 2724 949 2791 ridetur:
968 2725 1149 2790 facinorosos

72 2828 194 2893 maiore
216 2826 348 2911 quadam
364 2826 392 2890 vi
410 2847 502 2911 quam
525 2826 643 2891 ridiculi
662 2827 818 2892 vulnerari
838 2829 959 2891 volunt:
975 2830 1101 2892 miseros
1117 2828 1150 2890 il·

74 3015 225 3058 all'oratore.
244 3032 270 3043 -—
287 3013 392 3057 risum
411 3011 493 3055 velle
517 3024 640 3055 rrroeere
658 3030 685 3043 =
706 3012 791 3055 risum
813 3025 920 3056 creuere.
943 3036 968 3042 -
990 3016 1150 3066 quatenus

74 3105 101 3118 -
115 3085 166 3129 lino
181 3098 197 3128 e
212 3083 271 3136 qual
285 3096 370 3135 segne.
384 3106 410 3113 —
428 3085 536 3136 pacto,
555 3081 634 3126 modo.
649 3103 675 3112 -
691 3082 743 3124 udi
766 3084 809 3125 stt
828 3101 855 3115 =
874 3083 932 3135 qual
952 3082 989 3125 sia
1007 3084 1031 3125 la
1047 3083 1148 3135 propriu

75 3170 122 3200 sun
141 3153 208 3199 sede.
226 3176 253 3184 -
267 3153 447 3208 cupientes,
468 3152 556 3205 partic.
575 3152 725 3196 concessivo.
744 3152 771 3195 In
792 3151 894 3196 italiano
916 3152 1030 3206 premelti
1051 3165 1105 3205 pur
1126 3152 1149 3195 nl

74 3225 206 3279 gerundio.
219 3248 245 3255 -
264 3224 469 3269 Democritus
480 3237 488 3275 ;
501 3237 523 3266 v.
538 3223 557 3276 I,
572 3226 605 3276 lt,
619 3226 652 3266 49.
666 3223 702 3266 La
712 3223 834 3276 leggenda
844 3224 868 3267 lo
880 3228 1042 3277 mppr-euentu.
1052 3237 1149 3276 sempre

74 3297 172 3342 ridente
188 3295 250 3340 sulle
265 3308 322 3340 oose
336 3306 434 3346 umane,
447 3293 492 3338 che
512 3293 561 3346 egli
576 3292 623 3337 ben
641 3306 785 3346 conoscere,
804 3294 895 3347 perche
916 3294 941 3337 lu
957 3298 994 3336 tro
1010 3295 1043 3345 gli
1059 3293 1148 3337 rrnrrrini

74 3369 119 3422 piir
135 3366 198 3412 dotti
212 3364 397 3418 dell'entichitd‚
412 3378 424 3408 e
440 3378 470 3410 ne
486 3365 576 3409 scrisse
592 3365 616 3408 in
630 3367 657 3408 60
672 3378 754 3417 opere.

144 3447 218 3490 286.
233 3445 336 3489 Locus
357 3464 384 3478 -
401 3444 486 3488 Fonte.
509 3468 533 3474 -
551 3444 699 3498 proxr'rne
719 3464 745 3476 =
766 3444 790 3487 in
813 3444 919 3488 secondo
942 3445 1022 3497 luogo.
1042 3467 1065 3475 —
1082 3449 1150 3488 tnr-

70 3518 265 3572 putredinem
281 3516 429 3569 aliquam
448 3528 510 3559 non
531 3516 676 3568 turpiter
690 3535 716 3547 -τ
731 3515 820 3558 ulcunu
839 3529 897 3559 cosa
917 3515 1016 3560 scnncia
1035 3516 1059 3559 in
1078 3515 1149 3559 rrrnrlo

73 3603 124 3633 non
146 3586 252 3632 seoneie.
272 3611 299 3618 -
316 3585 429 3640 plane,
450 3585 481 3630 ed
503 3585 560 3638 ogni
583 3584 662 3629 modo.
684 3584 731 3628 Clr.
754 3584 864 3637 Brutus,
883 3588 921 3632 59.
943 3588 984 3629 ‘2l4
1005 3586 1102 3638 tSorolt.
1125 3610 1150 3618 -

70 3671 133 3715 per
147 3670 237 3712 quem
251 3677 277 3690 -
291 3668 337 3709 per
351 3668 433 3699 mezzo
448 3654 487 3699 del
503 3655 584 3708 quale,
600 3654 721 3698 mediante
737 3654 753 3697 il
765 3655 845 3707 qualo.
857 3656 877 3699 ll
888 3669 969 3700 mezzo
980 3656 1026 3700 edi
1036 3670 1150 3710 persono,

74 3728 139 3774 onde
154 3728 217 3771 l'ueo
232 3725 256 3770 di
267 3739 318 3782 per
332 3739 378 3770 con
393 3725 460 3770 l’aec.
473 3749 499 3755 —
515 3726 680 3770 odiosae...
706 3737 755 3768 rea
778 3738 849 3770 sono:
865 3727 887 3770 lo
902 3726 1033 3771 situnzioni
1048 3726 1150 3771 difficili.

73 3821 100 3831 ··
124 3798 211 3843 ditur·
232 3815 258 3832 -
279 3796 418 3847 confutare.
437 3796 562 3841 ribattere.

142 3886 220 3931 28⁷.
241 3897 360 3931 rursus
378 3902 405 3920 ··
424 3883 512 3928 d'eltra
533 3890 615 3938 purte
640 3897 715 3936 greco
729 3871 772 3930 αὖ.
787 3883 836 3929 Otr.
853 3883 930 3930 Tuae.
944 3885 1013 3940 disp.
1027 3886 1098 3940 tto,
1112 3888 1154 3929 tt:
