2526 4246
142 141 193 195 188
505 156 538 195 u.
558 156 662 195 ruurnr
681 152 843 197 cressonis
906 160 909 165 ·

143 251 278 317 llorbano
300 252 366 316 dari
389 251 456 317 sine
480 251 630 318 nobilium
651 251 840 317 dissensione
860 251 1017 337 potuisse3
1039 272 1082 331 ac,
1103 251 1165 319 siil

142 354 305 420 seditiones
327 354 416 420 saluti
441 355 512 419 huic
533 354 644 420 civitati
670 354 809 431 luissent,
836 373 901 419 non
924 355 1081 433 continuo,
1103 354 1125 419 si
1146 374 1165 438 qt

142 467 241 522 motus
262 457 368 542 populi
392 456 486 522 lactus
508 467 595 533 esset,
619 457 650 522 id
672 456 704 521 C.
727 455 868 522 Norbano
891 456 926 522 in
950 457 1070 524 nefario
1091 456 1165 523 crini

142 571 232 646 atque
254 561 286 624 in
310 560 416 625 frande
438 560 558 645 capitali
576 580 641 625 esse
656 559 844 645 ponendum.
861 558 952 643 Quod
970 560 996 625 si
1015 580 1165 646 unquam]

141 665 214 750 pulo
238 662 372 728 Romano
394 683 569 728 concessum
592 673 679 739 esset,
703 673 736 728 ut
759 662 825 727 iure
844 662 989 729 incitatus
1005 663 1160 737 rideretur,

142 765 222 851 quod
245 765 389 831 docebam
413 785 503 850 saepe
526 785 590 830 esse
612 785 797 843 conoessum,
828 766 950 830 nullam
984 765 1037 831 illa
1066 786 1165 831 causax

142 869 266 933 stiorem
290 867 389 933 luisse.
413 867 491 933 Tum
514 887 638 934 omnem
660 866 830 933 orationem
848 867 973 934 traduxi
990 880 1021 934 et
1034 866 1158 935 converti

143 971 360 1055 increpandam
402 968 562 1055 Caepionis
597 971 712 1056 lugam,
739 969 771 1033 in
801 969 1031 1055 deplorandum
1061 970 1165 1036 interilr

141 1073 300 1139 exercitus.
324 1073 372 1138 Sic
394 1083 424 1137 et
446 1094 553 1139 eorum
576 1073 722 1150 dolorem,
746 1072 798 1158 qui
820 1073 968 1158 lugebant
984 1095 1063 1153 suoS,
1082 1073 1164 1139 oratio

143 1175 321 1241 refricabam
345 1186 375 1240 et
397 1176 515 1241 animos
539 1177 677 1262 equitum
701 1175 917 1252 Romanorum,
950 1177 1033 1263 apud
1057 1198 1127 1263 quos
1145 1186 1165 1239 ll

143 1278 254 1345 indices
276 1299 363 1344 causa
387 1280 541 1365 agebatur,
566 1279 604 1344 ad
627 1279 661 1363 Q.
685 1278 844 1364 Caepionis
867 1276 986 1358 odium,
1010 1303 1027 1346 a
1050 1302 1108 1367 quo
1127 1299 1165 1345 era

142 1382 198 1467 ipsi
220 1392 348 1468 propter
362 1381 471 1448 iudicia
495 1382 667 1460 abalienati,
684 1381 870 1448 renovabam
890 1381 999 1468 [atque
1016 1383 1165 1450 revocabar

64 1497 115 1551 200
183 1484 314 1552 XLIX.
340 1484 427 1568 Quod
451 1485 501 1549 nbi
526 1485 605 1550 sensi
629 1505 679 1550 me
694 1485 726 1548 in
746 1485 971 1570 possessionem
995 1487 1096 1554 iudicii
1119 1482 1165 1550 aci

141 1589 286 1655 lensionis
308 1608 394 1653 meae
415 1588 593 1664 constitisse,
607 1587 688 1674 qnod
702 1598 732 1652 et
746 1587 852 1673 populi
874 1588 1122 1656 benevolentiam
1135 1585 1165 1652 ni

141 1692 343 1767 conciliaram‚
367 1690 452 1755 cuius
474 1690 521 1755 ius
545 1691 636 1756 etiam
659 1710 728 1756 cum
754 1689 913 1755 seditionis
935 1688 1165 1758 coniunctione(

141 1794 308 1869 lenderam,
331 1804 361 1856 et
385 1791 518 1858 iudicum
534 1793 652 1858 animos
668 1802 743 1858 totos
759 1793 807 1857 vel
829 1794 1005 1860 calamitate
1025 1794 1165 1861 civitatisr

141 1898 223 1961 luctu
245 1916 279 1959 ac
301 1894 451 1960 desiderio
474 1896 718 1982 propinquorum
735 1896 784 1960 vel
800 1894 869 1960 odio
888 1898 1019 1982 proprio
1043 1899 1075 1962 in
1097 1896 1162 1979 dacp

141 2018 213 2063 nem
235 1998 273 2063 ad
299 2017 420 2063 causam
448 2009 584 2063 nostram
612 2008 840 2075 converteram,
864 2008 931 2064 turn
955 2000 1121 2067 admiscere
1140 1998 1165 2061 ln

140 2101 242 2185 generi
267 2100 413 2165 orationis
436 2100 612 2167 vehementi
635 2111 726 2186 atque
749 2101 842 2165 atroci
862 2121 960 2186 genus
976 2103 1054 2169 illud
1074 2105 1165 2168 alterni

141 2203 179 2269 de
201 2224 261 2290 quo
283 2214 354 2268 ante
377 2203 539 2289 disputavi,
565 2203 696 2269 lenitatis
719 2214 749 2269 et
771 2204 1029 2282 mansuetndinis,
1048 2205 1165 2292 coepit

140 2327 196 2392 pro
218 2327 287 2372 meo
309 2305 415 2381 sodali,
432 2305 482 2389 qui
501 2305 578 2369 milri
597 2306 630 2370 in
647 2306 781 2371 liberum
797 2307 860 2371 loco
877 2325 966 2371 more
982 2308 1129 2374 maiorum
1143 2323 1165 2368 es

140 2408 274 2487 deberet,
298 2418 328 2474 et
350 2428 406 2494 pro
428 2428 496 2473 mea
512 2408 597 2473 omni
613 2408 694 2473 fama
709 2428 805 2494 prope
824 2407 1019 2494 fortunisque
1042 2410 1165 2476 decernet

141 2512 217 2576 nibil
241 2499 318 2576 milri
343 2511 380 2576 ad
403 2509 659 2576 existimationem
675 2510 805 2596 turpius,
822 2510 901 2574 nilril
925 2511 964 2576 ad
981 2512 1117 2579 dolorem
1132 2527 1165 2574 act

141 2613 208 2679 hius
230 2614 365 2679 accidere
387 2632 484 2699 posse,
509 2633 601 2697 quam
624 2613 648 2677 si
666 2613 700 2690 ie,
718 2613 770 2698 qui
793 2633 883 2698 saepe
906 2614 1103 2680 alienissimis
1120 2628 1165 2678 an

140 2842 176 2887 La
189 2845 344 2898 provocatio,
358 2844 402 2888 che
421 2844 491 2887 Livio
505 2846 526 2897 3,
539 2847 572 2898 55,
588 2844 684 2889 chiama
702 2846 810 2889 triricum
819 2845 990 2900 praesidium
1012 2846 1143 2892 libertatis.
1160 2856 1165 2880 r

140 2914 256 2968 l’nppello
271 2914 293 2958 ol
308 2916 400 2969 popolo
415 2916 460 2966 lad
474 2916 603 2970 populum
614 2922 774 2970 provocare),
789 2915 897 2961 adunato
916 2916 956 2961 nei
974 2918 1061 2962 conrizl
1077 2910 1165 2962 centuri

139 2988 224 3029 oontro
243 2985 266 3028 lc
285 2989 399 3030 sentonze
415 2986 452 3030 de'
467 2985 614 3038 magistrati,
628 2999 654 3030 se
669 2986 694 3030 la
708 2999 774 3040 pona
789 2991 891 3031 tor-cava
906 2986 922 3030 il
938 2991 1020 3041 caput
1035 2987 1073 3032 del
1089 2980 1165 3032 citroli

139 3080 165 3087 -
183 3057 252 3101 siae
266 3057 425 3101 nobilium
441 3057 650 3110 dissensione,
667 3070 740 3101 senze
755 3071 830 3109 grave
850 3062 975 3102 contrasto
991 3058 1030 3104 coi
1044 3057 1125 3103 nobili.
1136 3076 1157 3084 -’

139 3126 266 3179 nefario
288 3126 424 3171 crimine
446 3127 541 3177 atocio
562 3124 595 3167 iri
614 3125 734 3178 fraude
755 3124 896 3178 capitoli
914 3124 1041 3178 (endisdi),
1059 3116 1165 3179 capitali

139 3195 212 3250 lonis,
231 3197 317 3242 delitto
337 3195 452 3249 capitale.
471 3217 496 3224 -
511 3197 545 3239 at
564 3195 634 3238 iure
650 3195 809 3239 incitatas
824 3196 991 3240 videretur
1005 3217 1032 3230 -
1046 3192 1165 3241 ‹losenbn

139 3267 159 3311 sl
174 3268 239 3314 losse
255 3269 375 3313 solleroto
390 3281 405 3310 a
419 3266 483 3310 buon
500 3264 581 3310 dritto.
596 3289 622 3296 —
636 3267 773 3310 traducti
788 3270 816 3309 et
837 3268 982 3311 oorooerti
995 3287 1021 3301 ¹·
1035 3251 1102 3321 girei
1114 3280 1125 3309 e
1139 3273 1162 3305 ro

138 3360 164 3368 —-
179 3340 348 3384 interitum
368 3337 536 3389 exercitus,
552 3337 636 3385 uissi.
649 3360 674 3367 —
690 3337 889 3391 refricabam
903 3358 929 3370 ==
944 3337 1031 3382 vaniro
1042 3338 1072 3383 acl
1084 3329 1165 3388 inuspri

138 3407 157 3451 ll
166 3408 241 3454 ‹licesi
250 3410 314 3454 dello
323 3409 402 3453 forits.
411 3431 436 3438 -
447 3419 486 3461 ap
494 3407 533 3451 ad
547 3420 585 3461 aar
593 3420 625 3451 os
640 3411 705 3451 tarro
720 3409 729 3451 i
736 3408 843 3452 radices
851 3428 877 3441 ==
887 3409 961 3462 aazia
970 3422 1035 3463 qaas
1044 3408 1165 3453 iadiceattt

149 3551 151 3557 .
178 3517 559 3572 cap.x121x.-reoo.ta
569 3518 809 3570 possessionem
824 3518 941 3561 iudicii
956 3532 991 3562 ao
1011 3516 1165 3573 defension

138 3601 223 3635 meaa
244 3589 431 3633 constitisse
444 3605 472 3622 ==
485 3586 610 3630 d'ossormi
621 3587 774 3641 puadsgnoti
790 3587 797 3631 l
813 3587 930 3642 gladioli
946 3589 998 3633 loro
1013 3589 1062 3634 voti
1073 3581 1164 3638 (iudicii

139 3670 197 3702 orer
211 3664 283 3712 posta
298 3658 321 3701 in
337 3657 418 3703 sictut-o
434 3658 458 3703 la
472 3657 521 3701 mia
536 3655 622 3701 diseas.
637 3680 662 3687 -
677 3670 745 3702 cam
759 3659 935 3703 seditionis
954 3659 1165 3705 coniunctioni

138 3741 197 3772 crim
204 3729 339 3773 seditionis
347 3729 493 3773 corrirtrcclio
502 3728 610 3773 adesset.
618 3726 665 3772 Cl'r.
672 3730 722 3773 266:
731 3742 790 3773 carro
798 3730 974 3775 similitudino
982 3730 1107 3785 turpioris
1113 3727 1165 3777 <Son

138 3820 163 3829 -
172 3803 261 3843 atroo
268 3800 284 3843 ii
296 3799 406 3852 Atrox,
413 3798 513 3852 qnando
523 3798 544 3842 sl
554 3797 666 3842 riserisoe
677 3812 692 3842 a
702 3798 820 3853 discorso,
830 3801 897 3845 vole:
905 3800 1021 3847 violento.
1030 3824 1056 3833 —
1065 3804 1165 3846 morior

131 3870 271 3919 tudinis,
290 3869 365 3923 ΟΜ
381 3872 428 3919 182.
441 3890 467 3903 -
478 3882 539 3926 pro
554 3881 622 3917 ntea
636 3871 721 3919 omni
731 3890 758 3905 -·
769 3870 837 3916 della
852 3870 902 3916 mia
912 3875 1034 3919 atessa-
1044 3873 1165 3919 decerno
