2526 4246
147 160 181 213 82
517 173 551 211 nr.
570 173 675 212 runnu
694 171 858 214 crasmarus
1245 184 1248 189 ·

71 273 121 329 195
189 280 315 347 xnlv.
338 280 482 345 Fremant
503 300 610 345 omnes
632 281 709 357 licet,
738 279 835 345 dicam
865 279 946 367 quod
973 279 1083 345 sentio:
1113 279 1216 345 biblic-
1251 246 1255 301 ¹

146 379 248 444 thecas
269 379 445 444 mehercule
466 379 604 444 omnium
627 378 882 464 philosophorum
904 398 984 444 unus
1003 377 1081 442 mihi
1098 377 1216 444 ridetur
1250 358 1255 483 i

145 498 187 541 xn
208 478 381 543 tabularum
405 477 535 553 libellus,
560 477 583 541 si
599 477 667 562 quis
682 478 783 563 legum
807 477 904 542 lontes
925 486 954 541 et
977 477 1074 563 capita
1096 476 1213 553 viderit,
1252 498 1255 557 ;

70 579 120 635 tec
145 587 175 641 et
196 575 381 641 auctoritatis
401 575 538 662 pondere
559 586 589 640 et
611 575 748 640 utilitatis
778 574 915 641 ubertate
938 594 1092 661 superare.
1138 576 1176 641 dc
1192 575 1214 639 si
1252 588 1255 669 t

145 695 209 752 nos,
233 674 264 738 id
287 674 367 759 quod
390 673 522 738 maxime
543 673 642 749 debet,
666 683 769 738 nostra
791 674 890 759 patria
912 673 1050 751 delectat,
1069 673 1155 740 cuins
1172 675 1213 739 rei
1252 684 1255 697 '

145 783 228 837 tanta
251 784 296 838 est
318 775 364 836 vis
385 792 419 836 ac
434 771 543 857 [tantal
560 781 678 847 natura,
694 782 728 837 ut
743 771 875 837 ithacam
891 772 976 836 illam
992 771 1025 836 iu
1041 772 1214 858 asperrimis
1251 770 1255 777 “

145 871 258 935 saxulis
282 879 435 955 tamquam
459 869 599 934 nidulum
622 869 755 935 adfixam
775 870 1016 956 sapientissimus
1030 871 1080 946 vir
1096 871 1212 936 immor·

145 968 253 1032 talitati
265 977 477 1053 anteponeret:
492 988 551 1052 quo
560 988 663 1033 amore
674 968 988 1033 tandeminllammati
997 968 1213 1034 essedebemus

144 1066 177 1129 in
200 1066 368 1131 eiusmodi
391 1065 531 1151 patriam,
555 1087 632 1151 qnae
655 1087 716 1131 una
740 1067 772 1131 in
787 1066 931 1132 omnibus
947 1066 1037 1131 terris
1050 1066 1159 1132 domus
1173 1077 1212 1132 est
1252 1084 1255 1141 ;

144 1164 274 1240 virtutis,
298 1164 430 1249 imperii,
452 1163 630 1249 dignitatis?
652 1165 738 1230 cuins
758 1165 894 1251 primum
917 1165 1005 1230 nobis
1027 1184 1125 1242 mens,
1142 1185 1211 1239 mos
1252 1192 1255 1259 j

144 1261 304 1348 disciplina
326 1273 397 1327 nota
419 1282 483 1327 esse
505 1262 605 1339 debet,
626 1265 672 1328 vel
690 1263 760 1347 quia
776 1273 821 1328 est
835 1263 934 1349 patria
949 1282 1062 1348 parens
1077 1264 1212 1330 omnium

144 1370 292 1438 nostrum,
317 1362 364 1426 vel
387 1361 458 1445 qnia
479 1371 562 1425 tanta
585 1361 733 1446 sapientia
748 1360 840 1426 luisse
861 1360 893 1425 in
916 1361 983 1426 iure
1005 1361 1212 1428 constituendo

143 1459 278 1544 putanda
300 1468 354 1536 est,
377 1469 489 1543 quanta
513 1459 569 1523 luit
591 1459 622 1522 in
647 1459 695 1522 nis
717 1460 809 1524 tantis
830 1460 939 1544 opibus
961 1459 1083 1546 imperii
1099 1481 1213 1547 compa-
1253 1478 1255 1483 ·

68 1570 118 1625 titt
144 1557 256 1622 randis.
302 1557 475 1643 Percipietis
497 1557 589 1621 etiam
612 1558 696 1621 illam
720 1578 758 1622 ex
779 1557 949 1644 cognitione
971 1558 1047 1623 iuris
1069 1559 1213 1624 laetitiam
1253 1588 1255 1639 i

143 1666 174 1720 et
184 1657 381 1741 voluptatem,
399 1654 488 1740 quod,
505 1665 653 1740 quantum
669 1656 877 1741 praestiterint
889 1657 982 1721 nostri
1000 1657 1133 1723 maiores
1148 1679 1213 1744 pru·
1249 1696 1255 1717 ·

143 1753 246 1819 dentia
268 1754 375 1819 ceteris
396 1753 546 1840 gentibus,
562 1763 628 1818 tum
650 1752 793 1820 facillime
808 1755 998 1841 intellegetis,
1023 1755 1130 1821 sicum
1154 1756 1214 1822 illo
1253 1790 1255 1819 ÷

143 1872 212 1918 rum
235 1852 367 1937 Lycurgo
389 1862 419 1916 et
440 1851 576 1916 Dracone
598 1861 629 1916 et
650 1851 762 1918 Solone
785 1863 902 1918 nostras
917 1855 998 1940 leges
1012 1853 1154 1921 conferre
1168 1874 1214 1920 vo
1252 1916 1255 1923 .

143 1950 268 2015 lueritis.
294 1949 473 2015 incredibile
488 1959 532 2014 est
547 1949 640 2026 enim,
658 1970 750 2034 quam
766 1951 804 2015 sit
819 1972 910 2016 omne
926 1952 972 2017 ius
986 1951 1077 2019 civile
1094 1964 1214 2040 praeter
1252 1948 1255 1953 ’

144 2048 199 2112 lroc
221 2059 359 2113 nostmm
381 2046 570 2113 inconditum
592 2067 626 2112 ac
646 2068 746 2133 paene
768 2049 947 2128 ridiculum;
971 2050 1009 2115 de
1031 2071 1092 2136 quo
1119 2054 1212 2118 multa

142 2148 223 2211 soleo
235 2146 267 2211 in
284 2146 476 2212 sermonibus
486 2146 645 2212 cotidianis
658 2145 768 2224 dicere,
780 2168 849 2213 cum
863 2148 1024 2214 hominum
1040 2160 1212 2217 nostrorum
1252 2162 1255 2183 ⁶

141 2245 337 2330 prudentiam
359 2245 466 2311 ceteris
488 2246 630 2311 omnibus
645 2255 676 2311 et
690 2246 824 2311 maxime
839 2244 959 2312 Graecis
977 2258 1140 2334 antepono.
1164 2248 1212 2313 llis

140 2364 194 2430 ego
216 2342 255 2409 de
276 2344 372 2409 causis
395 2343 541 2422 dixeram,
558 2345 711 2421 Scaevola,
728 2344 773 2421 iis,
790 2345 843 2430 qui
858 2344 982 2431 perfecti
998 2357 1136 2412 oratores
1150 2367 1211 2413 esse

140 2444 264 2520 rellent,
289 2442 362 2508 iuris
384 2442 482 2507 civilis
503 2443 705 2529 cognitionem
728 2463 793 2508 esse
816 2443 1026 2510 necessariam.

179 2620 253 2672 cap.
264 2620 377 2663 XLIV.
388 2620 494 2663 -195,
506 2618 660 2662 Fremant
676 2631 782 2662 omnes
799 2619 881 2663 licet.
896 2618 974 2662 Notisi
986 2619 1003 2664 il
1014 2621 1207 2676 cong.fremattt

139 2703 184 2734 con
204 2691 262 2734 ltcet
281 2690 447 2742 (congiuntivo
463 2688 614 2736 concessivo)
629 2701 642 2732 e
659 2688 674 2732 il
691 2689 828 2742 significato
844 2689 868 2733 di
882 2691 1003 2745 fremere,
1017 2691 1062 2736 che
1078 2691 1091 2736 ὸ
1107 2691 1161 2747 qui:
1174 2691 1208 2735 tor

139 2760 262 2805 rnormorii
279 2760 303 2804 di
318 2761 495 2814 riprovuzione.
510 2783 536 2789 —
550 2759 672 2804 viderit
686 2761 726 2811 qni
743 2760 755 2804 e
771 2760 832 2814 pert.
843 2760 881 2804 Di
891 2760 914 2805 al
924 2761 1000 2805 verbo
1013 2763 1085 2807 video
1101 2763 1118 2807 il
1133 2760 1206 2816 signif.

139 2831 176 2875 di:
191 2831 392 2875 considerare-
406 2830 572 2875 utilitatis
593 2832 742 2875 abertate
756 2852 782 2865 ==
796 2845 841 2885 per
856 2831 929 2885 copia
944 2831 968 2875 di
983 2833 1038 2877 utili
1054 2831 1195 2887 cogniztoni.

205 2911 273 2955 196.
290 2911 384 2955 euicta
398 2912 446 2955 rei
459 2910 521 2959 (scil.
536 2911 635 2955 amaris
646 2912 770 2965 patriae).
785 2935 809 2942 -
825 2914 939 2964 [tanta]
958 2916 1088 2958 natura.
1103 2912 1149 2966 Qui
1163 2924 1207 2957 rta-

138 2986 201 3026 tura
216 2981 338 3034 significa:
353 2982 459 3036 impulso
481 2982 601 3033 naturale,
622 2986 734 3036 potenza,
752 2986 820 3027 coine
837 2982 861 3026 in
876 2983 907 3026 do
917 2983 967 3037 lin.
982 2980 1209 3038 11,15‚4e(soron.

137 3072 162 3078 -
177 3047 323 3092 ltltacam
344 3049 446 3101 illam,
468 3048 565 3102 piacola
580 3047 642 3092 isola
656 3048 696 3092 del
711 3062 778 3093 ruore
796 3049 877 3101 ionio,
896 3061 982 3103 presso
1001 3048 1136 3105 cefalonia,
1150 3046 1209 3102 oggi
1253 3080 1255 3087 .

137 3119 233 3163 Thialxi.
248 3143 274 3151 -
288 3120 558 3174 sapientissimus
574 3120 622 3163 vir
634 3139 662 3152 -
675 3133 747 3164 nomo
762 3121 820 3173 pinn
836 3118 860 3163 di
881 3133 957 3165 senno
972 3133 985 3164 e
1000 3120 1025 3165 di
1040 3121 1142 3173 astucia.
1153 3116 1209 3165 οἱοὶ·

54 3248 57 3255 Ι
136 3190 225 3236 l'lisso.
240 3214 264 3221 —
279 3191 538 3239 immortalitati,
560 3189 613 3234 cine
631 3204 646 3233 u
664 3191 749 3243 quella
766 3191 811 3234 che
831 3190 864 3243 gli
885 3195 1040 3244 promettevo
1056 3191 1161 3247 Calipsa
1176 3200 1211 3233 se
1253 3214 1255 3223 =

137 3264 202 3307 losse
218 3262 318 3307 rinrasto
332 3275 420 3316 presso
435 3261 460 3305 di
475 3261 513 3306 lei.
528 3284 554 3291 -
569 3275 649 3316 qaae
669 3275 734 3306 ana
754 3263 788 3306 irc
807 3263 953 3306 omnibus
974 3264 1076 3308 terrio
1098 3264 1212 3309 damu·

137 3338 183 3378 eat
198 3347 247 3378 ecc.
262 3334 311 3378 etr.
327 3333 350 3378 in
366 3335 413 3377 troc
432 3333 562 3377 domicilio
581 3334 688 3387 imperii
707 3337 730 3376 ct
750 3334 851 3387 pieriae
870 3332 910 3377 del
925 3337 936 3383 t
952 3334 990 3376 loo
1005 3348 1018 3377 e
1033 3334 1091 3380 vedi
1104 3340 1166 3381 nota
1180 3350 1213 3365 ⁶·

137 3406 276 3449 omnium
295 3408 458 3457 noctram,¹
472 3403 523 3448 cosl
538 3402 644 3448 soltanto
664 3404 688 3447 in
704 3405 758 3458 lut.;
772 3418 811 3448 ma
827 3403 850 3448 in
870 3405 921 3448 ital.
943 3404 1033 3450 dieesi:
1047 3405 1142 3453 nitunt
1158 3399 1215 3453 nois

136 3489 149 3520 e
165 3475 188 3518 di
204 3475 243 3520 noi
259 3476 322 3520 tntti.
336 3500 362 3506 -
377 3476 482 3519 tantia
502 3475 623 3529 opibus,
641 3479 709 3519 tanta
725 3478 831 3528 potenza
846 3488 858 3518 e
874 3474 1020 3528 grandezza

204 3556 272 3599 197.
293 3557 449 3609 qaarctrcm
466 3554 703 3608 praestiterint
725 3567 774 3598 ecc.
795 3539 814 3597 l}
830 3566 927 3607 sempr-e
943 3553 959 3597 il
974 3560 1088 3602 concutio
1103 3556 1141 3600 del
1153 3547 1213 3609 pri·

137 3631 201 3670 rrrnto
217 3626 254 3670 no’
271 3625 373 3671 ltomani
393 3640 421 3669 su
440 3625 496 3670 tutti
511 3625 517 3668 i
534 3625 627 3679 popoti,
642 3626 718 3670 anche
741 3625 779 3670 sui
799 3625 879 3669 Greci.
893 3649 919 3656 —
933 3625 1093 3683 Lucarao,
1109 3640 1132 3671 v.
1146 3618 1213 3676 158·

135 3720 160 3727 --
181 3697 344 3748 Dracone,
364 3699 464 3741 arcente
486 3696 525 3740 nel
544 3697 583 3740 ott
600 3710 621 3740 n.
635 3696 667 3749 d,
682 3696 760 3751 primo
780 3697 925 3750 legislatore
940 3697 1008 3750 degli
1022 3697 1145 3749 Mentori,
1156 3688 1211 3737 01¹⁰

133 3768 269 3821 prescrisse
285 3768 351 3821 letrici
367 3771 434 3812 tanto
449 3780 542 3822 scultro,
556 3767 588 3813 da
602 3768 640 3813 l'ar
654 3768 707 3813 diro
722 3768 862 3813 oll’oratore
884 3768 995 3813 Demade
1014 3768 1126 3814 oh’erano
1139 3760 1212 3810 stato

124 3834 213 3877 scritto
228 3835 268 3879 cot
287 3848 390 3887 sixtiana.
405 3858 431 3866 -
444 3834 572 3889 Solone,
585 3849 607 3879 v.
616 3835 626 3887 i
635 3837 668 3879 58.
679 3858 704 3866 -
719 3839 886 3890 antepono.
901 3835 964 3880 l'edl
978 3838 1036 3881 nota
1055 3826 1210 3890 praeodenw

112 3911 143 3940 nn
159 3906 298 3953 anvrtnm
307 3898 516 3960 praetttitam'n't.¹
