<?xml version="1.0" encoding="UTF-8"?>
<!DOCTYPE html PUBLIC "-//W3C//DTD XHTML 1.0 Transitional//EN"
    "http://www.w3.org/TR/xhtml1/DTD/xhtml1-transitional.dtd">
<html xmlns="http://www.w3.org/1999/xhtml" xml:lang="en" lang="en">
 <head>
  <title>
</title>
<meta http-equiv="Content-Type" content="text/html;charset=utf-8" />
  <meta name='ocr-system' content='tesseract 3.04.00' />
  <meta name='ocr-capabilities' content='ocr_page ocr_carea ocr_par ocr_line ocrx_word'/>
</head>
<body>
  <div class='ocr_page' id='page_1' title='image "./deoratorelibrit00firmgoog_0252.png"; bbox 0 0 2558 4236; ppageno 0'>
   <div class='ocr_carea' id='block_1_1' title="bbox 176 97 1133 161">
    <p class='ocr_par' dir='ltr' id='par_1_1' title="bbox 176 97 1133 161">
     <span class='ocr_line' id='line_1_1' title="bbox 176 97 1133 161; baseline 0.001 -12"><span class='ocrx_word' id='word_1_1' title='bbox 176 110 218 149; x_wconf 80' lang='lat' dir='ltr'>nn</span> <span class='ocrx_word' id='word_1_2' title='bbox 237 108 383 150; x_wconf 67' lang='lat' dir='ltr'>onoratur</span> <span class='ocrx_word' id='word_1_3' title='bbox 395 110 592 159; x_wconf 76' lang='lat' dir='ltr'>n1a..11‚onr.</span> <span class='ocrx_word' id='word_1_4' title='bbox 608 111 883 161; x_wconf 82' lang='lat' dir='ltr'>nxxxrv-nxxxvr,</span> <span class='ocrx_word' id='word_1_5' title='bbox 898 114 908 160; x_wconf 77' lang='grc' dir='ltr'><strong>ι</strong></span> <span class='ocrx_word' id='word_1_6' title='bbox 923 111 1013 154; x_wconf 74' lang='lat' dir='ltr'>ast-ool</span> <span class='ocrx_word' id='word_1_7' title='bbox 1084 97 1133 150; x_wconf 71' lang='lat' dir='ltr'>att</span> 
     </span>
    </p>
   </div>
   <div class='ocr_carea' id='block_1_2' title="bbox 10 230 1270 2059">
    <p class='ocr_par' dir='ltr' id='par_1_2' title="bbox 10 230 1270 1938">
     <span class='ocr_line' id='line_1_2' title="bbox 56 230 1211 318; baseline -0.002 -21"><span class='ocrx_word' id='word_1_8' title='bbox 56 230 148 298; x_wconf 92' lang='lat' dir='ltr'>laude</span> <span class='ocrx_word' id='word_1_9' title='bbox 170 231 281 318; x_wconf 80' lang='lat' dir='ltr'>dignae</span> <span class='ocrx_word' id='word_1_10' title='bbox 304 231 401 297; x_wconf 88' lang='lat' dir='ltr'>v&#39;ideri</span> <span class='ocrx_word' id='word_1_11' title='bbox 424 233 531 298; x_wconf 80' lang='lat' dir='ltr'>solent.</span> <span class='ocrx_word' id='word_1_12' title='bbox 578 231 626 297; x_wconf 85' lang='lat' dir='ltr'>Est</span> <span class='ocrx_word' id='word_1_13' title='bbox 647 234 739 298; x_wconf 90' lang='lat' dir='ltr'>etiam</span> <span class='ocrx_word' id='word_1_14' title='bbox 761 252 830 298; x_wconf 88' lang='lat' dir='ltr'>cum</span> <span class='ocrx_word' id='word_1_15' title='bbox 853 233 959 297; x_wconf 79' lang='lat' dir='ltr'>ueteris</span> <span class='ocrx_word' id='word_1_16' title='bbox 981 243 1134 318; x_wconf 87' lang='lat' dir='ltr'>praestan·</span> <span class='ocrx_word' id='word_1_17' title='bbox 1160 243 1211 295; x_wconf 72' lang='lat'>348</span> 
     </span>
     <span class='ocr_line' id='line_1_3' title="bbox 55 333 1134 421; baseline 0.003 -24"><span class='ocrx_word' id='word_1_18' title='bbox 55 333 139 399; x_wconf 89' lang='lat' dir='ltr'>tibus</span> <span class='ocrx_word' id='word_1_19' title='bbox 161 333 237 399; x_wconf 88' lang='lat' dir='ltr'>viris</span> <span class='ocrx_word' id='word_1_20' title='bbox 255 334 441 420; x_wconf 88' lang='lat' dir='ltr'>comparatio</span> <span class='ocrx_word' id='word_1_21' title='bbox 463 335 495 399; x_wconf 95' lang='lat' dir='ltr'>in</span> <span class='ocrx_word' id='word_1_22' title='bbox 520 334 694 400; x_wconf 71' lang='lat' dir='ltr'>laudatione</span> <span class='ocrx_word' id='word_1_23' title='bbox 707 337 872 420; x_wconf 77' lang='lat' dir='ltr'>praeclara.</span> <span class='ocrx_word' id='word_1_24' title='bbox 889 334 934 400; x_wconf 86' lang='lat' dir='ltr'>De</span> <span class='ocrx_word' id='word_1_25' title='bbox 948 355 1008 419; x_wconf 90' lang='lat' dir='ltr'>quo</span> <span class='ocrx_word' id='word_1_26' title='bbox 1023 355 1134 421; x_wconf 85' lang='lat' dir='ltr'>genere</span> 
     </span>
     <span class='ocr_line' id='line_1_4' title="bbox 54 436 1133 523; baseline 0 -22"><span class='ocrx_word' id='word_1_27' title='bbox 54 436 181 502; x_wconf 90' lang='lat' dir='ltr'>libitum</span> <span class='ocrx_word' id='word_1_28' title='bbox 203 437 281 502; x_wconf 90' lang='lat' dir='ltr'>mihi</span> <span class='ocrx_word' id='word_1_29' title='bbox 305 446 351 502; x_wconf 90' lang='lat' dir='ltr'>est</span> <span class='ocrx_word' id='word_1_30' title='bbox 371 437 463 523; x_wconf 93' lang='lat' dir='ltr'>paulo</span> <span class='ocrx_word' id='word_1_31' title='bbox 478 438 577 523; x_wconf 88' lang='lat' dir='ltr'>plura,</span> <span class='ocrx_word' id='word_1_32' title='bbox 601 457 693 523; x_wconf 89' lang='lat' dir='ltr'>quam</span> <span class='ocrx_word' id='word_1_33' title='bbox 716 437 918 514; x_wconf 78' lang='lat' dir='ltr'>ostenderam,</span> <span class='ocrx_word' id='word_1_34' title='bbox 942 437 1051 513; x_wconf 86' lang='lat' dir='ltr'>dicere,</span> <span class='ocrx_word' id='word_1_35' title='bbox 1072 458 1133 501; x_wconf 92' lang='lat' dir='ltr'>non</span> 
     </span>
     <span class='ocr_line' id='line_1_5' title="bbox 54 539 1133 625; baseline -0.002 -20"><span class='ocrx_word' id='word_1_36' title='bbox 54 548 120 605; x_wconf 85' lang='lat' dir='ltr'>tam</span> <span class='ocrx_word' id='word_1_37' title='bbox 142 548 270 625; x_wconf 88' lang='lat' dir='ltr'>propter</span> <span class='ocrx_word' id='word_1_38' title='bbox 292 558 383 604; x_wconf 92' lang='lat' dir='ltr'>usum</span> <span class='ocrx_word' id='word_1_39' title='bbox 405 539 568 616; x_wconf 85' lang='lat' dir='ltr'>sorensem,</span> <span class='ocrx_word' id='word_1_40' title='bbox 592 540 643 624; x_wconf 91' lang='lat' dir='ltr'>qui</span> <span class='ocrx_word' id='word_1_41' title='bbox 667 549 712 604; x_wconf 87' lang='lat' dir='ltr'>est</span> <span class='ocrx_word' id='word_1_42' title='bbox 733 561 750 604; x_wconf 90' lang='lat' dir='ltr'>a</span> <span class='ocrx_word' id='word_1_43' title='bbox 773 559 823 604; x_wconf 90' lang='lat' dir='ltr'>me</span> <span class='ocrx_word' id='word_1_44' title='bbox 844 541 875 603; x_wconf 89' lang='lat' dir='ltr'>in</span> <span class='ocrx_word' id='word_1_45' title='bbox 900 540 984 604; x_wconf 91' lang='lat' dir='ltr'>omni</span> <span class='ocrx_word' id='word_1_46' title='bbox 1004 539 1059 604; x_wconf 88' lang='lat' dir='ltr'>hoc</span> <span class='ocrx_word' id='word_1_47' title='bbox 1074 560 1133 604; x_wconf 87' lang='lat' dir='ltr'>ser-</span> 
     </span>
     <span class='ocr_line' id='line_1_6' title="bbox 52 642 1133 727; baseline -0.004 -18"><span class='ocrx_word' id='word_1_48' title='bbox 52 661 149 709; x_wconf 88' lang='lat' dir='ltr'>mone</span> <span class='ocrx_word' id='word_1_49' title='bbox 172 651 327 718; x_wconf 78' lang='lat' dir='ltr'>tractatus,</span> <span class='ocrx_word' id='word_1_50' title='bbox 350 661 443 727; x_wconf 89' lang='lat' dir='ltr'>quam</span> <span class='ocrx_word' id='word_1_51' title='bbox 464 652 498 708; x_wconf 89' lang='lat' dir='ltr'>ut</span> <span class='ocrx_word' id='word_1_52' title='bbox 520 642 577 707; x_wconf 89' lang='lat' dir='ltr'>hoo</span> <span class='ocrx_word' id='word_1_53' title='bbox 599 642 752 716; x_wconf 88' lang='lat' dir='ltr'>videretis,</span> <span class='ocrx_word' id='word_1_54' title='bbox 774 643 799 707; x_wconf 94' lang='lat' dir='ltr'>si</span> <span class='ocrx_word' id='word_1_55' title='bbox 823 642 1012 708; x_wconf 80' lang='lat' dir='ltr'>laudationes</span> <span class='ocrx_word' id='word_1_56' title='bbox 1033 652 1133 707; x_wconf 89' lang='lat' dir='ltr'>essent</span> 
     </span>
     <span class='ocr_line' id='line_1_7' title="bbox 52 744 1132 832; baseline 0 -23"><span class='ocrx_word' id='word_1_57' title='bbox 52 744 86 809; x_wconf 93' lang='lat' dir='ltr'>in</span> <span class='ocrx_word' id='word_1_58' title='bbox 112 744 243 810; x_wconf 90' lang='lat' dir='ltr'>oratoris</span> <span class='ocrx_word' id='word_1_59' title='bbox 259 744 367 820; x_wconf 79' lang='lat' dir='ltr'>ollium,</span> <span class='ocrx_word' id='word_1_60' title='bbox 383 745 464 829; x_wconf 92' lang='lat' dir='ltr'>quod</span> <span class='ocrx_word' id='word_1_61' title='bbox 480 764 571 810; x_wconf 91' lang='lat' dir='ltr'>nemo</span> <span class='ocrx_word' id='word_1_62' title='bbox 586 756 684 832; x_wconf 87' lang='lat' dir='ltr'>negat,</span> <span class='ocrx_word' id='word_1_63' title='bbox 700 746 812 810; x_wconf 87' lang='lat' dir='ltr'>oratori</span> <span class='ocrx_word' id='word_1_64' title='bbox 828 746 978 810; x_wconf 89' lang='lat' dir='ltr'>virtutum</span> <span class='ocrx_word' id='word_1_65' title='bbox 993 745 1132 810; x_wconf 91' lang='lat' dir='ltr'>omnium</span> 
     </span>
     <span class='ocr_line' id='line_1_8' title="bbox 49 847 1133 934; baseline -0.002 -21"><span class='ocrx_word' id='word_1_66' title='bbox 49 847 273 934; x_wconf 86' lang='lat' dir='ltr'>oognitionem,</span> <span class='ocrx_word' id='word_1_67' title='bbox 295 847 362 912; x_wconf 86' lang='lat' dir='ltr'>sine</span> <span class='ocrx_word' id='word_1_68' title='bbox 385 868 443 932; x_wconf 92' lang='lat' dir='ltr'>qua</span> <span class='ocrx_word' id='word_1_69' title='bbox 466 847 600 912; x_wconf 91' lang='lat' dir='ltr'>laudatio</span> <span class='ocrx_word' id='word_1_70' title='bbox 628 847 706 913; x_wconf 85' lang='lat' dir='ltr'>ellici</span> <span class='ocrx_word' id='word_1_71' title='bbox 730 868 790 913; x_wconf 94' lang='lat' dir='ltr'>non</span> <span class='ocrx_word' id='word_1_72' title='bbox 814 849 917 934; x_wconf 87' lang='lat' dir='ltr'>possit,</span> <span class='ocrx_word' id='word_1_73' title='bbox 948 868 1012 913; x_wconf 87' lang='lat' dir='ltr'>esse</span> <span class='ocrx_word' id='word_1_74' title='bbox 1035 867 1133 912; x_wconf 87' lang='lat' dir='ltr'>neces-</span> 
     </span>
     <span class='ocr_line' id='line_1_9' title="bbox 50 942 1209 1035; baseline 0 -20"><span class='ocrx_word' id='word_1_75' title='bbox 50 950 180 1015; x_wconf 80' lang='lat' dir='ltr'>sariam.</span> <span class='ocrx_word' id='word_1_76' title='bbox 225 949 288 1014; x_wconf 92' lang='lat' dir='ltr'>lam</span> <span class='ocrx_word' id='word_1_77' title='bbox 299 950 493 1035; x_wconf 88' lang='lat' dir='ltr'>vituperandi</span> <span class='ocrx_word' id='word_1_78' title='bbox 506 942 880 1035; x_wconf 83' lang='lat' dir='ltr'>praeoeptauontrariisex</span> <span class='ocrx_word' id='word_1_79' title='bbox 892 951 973 1016; x_wconf 88' lang='lat' dir='ltr'>vitiis</span> <span class='ocrx_word' id='word_1_80' title='bbox 985 951 1132 1016; x_wconf 90' lang='lat' dir='ltr'>sumenda</span> <span class='ocrx_word' id='word_1_81' title='bbox 1158 955 1209 1008; x_wconf 71' lang='grc'>349</span> 
     </span>
     <span class='ocr_line' id='line_1_10' title="bbox 50 1053 1131 1139; baseline -0.002 -18"><span class='ocrx_word' id='word_1_82' title='bbox 50 1074 121 1121; x_wconf 91' lang='lat' dir='ltr'>esse</span> <span class='ocrx_word' id='word_1_83' title='bbox 143 1054 341 1139; x_wconf 84' lang='lat' dir='ltr'>perspicuum</span> <span class='ocrx_word' id='word_1_84' title='bbox 364 1064 418 1119; x_wconf 87' lang='lat' dir='ltr'>est.</span> <span class='ocrx_word' id='word_1_85' title='bbox 442 1053 539 1119; x_wconf 90' lang='lat' dir='ltr'>Simul</span> <span class='ocrx_word' id='word_1_86' title='bbox 562 1067 607 1119; x_wconf 88' lang='lat' dir='ltr'>est</span> <span class='ocrx_word' id='word_1_87' title='bbox 630 1055 706 1119; x_wconf 89' lang='lat' dir='ltr'>illud</span> <span class='ocrx_word' id='word_1_88' title='bbox 728 1064 799 1120; x_wconf 89' lang='lat' dir='ltr'>ante</span> <span class='ocrx_word' id='word_1_89' title='bbox 821 1056 931 1133; x_wconf 83' lang='lat' dir='ltr'>oculos,</span> <span class='ocrx_word' id='word_1_90' title='bbox 948 1075 1002 1120; x_wconf 87' lang='lat' dir='ltr'>neo</span> <span class='ocrx_word' id='word_1_91' title='bbox 1018 1055 1131 1120; x_wconf 86' lang='lat' dir='ltr'>bonum</span> 
     </span>
     <span class='ocr_line' id='line_1_11' title="bbox 51 1156 1132 1243; baseline 0.002 -23"><span class='ocrx_word' id='word_1_92' title='bbox 51 1156 163 1221; x_wconf 80' lang='lat' dir='ltr'>virum</span> <span class='ocrx_word' id='word_1_93' title='bbox 184 1156 311 1241; x_wconf 91' lang='lat' dir='ltr'>proprie</span> <span class='ocrx_word' id='word_1_94' title='bbox 325 1166 355 1221; x_wconf 90' lang='lat' dir='ltr'>et</span> <span class='ocrx_word' id='word_1_95' title='bbox 369 1156 488 1241; x_wconf 82' lang='lat' dir='ltr'>copiose</span> <span class='ocrx_word' id='word_1_96' title='bbox 503 1156 621 1222; x_wconf 91' lang='lat' dir='ltr'>laudari</span> <span class='ocrx_word' id='word_1_97' title='bbox 638 1157 704 1222; x_wconf 90' lang='lat' dir='ltr'>sine</span> <span class='ocrx_word' id='word_1_98' title='bbox 720 1158 867 1222; x_wconf 86' lang='lat' dir='ltr'>virtutum</span> <span class='ocrx_word' id='word_1_99' title='bbox 885 1177 939 1222; x_wconf 87' lang='lat' dir='ltr'>neo</span> <span class='ocrx_word' id='word_1_100' title='bbox 957 1158 1132 1243; x_wconf 86' lang='lat' dir='ltr'>improlmm</span> 
     </span>
     <span class='ocr_line' id='line_1_12' title="bbox 53 1258 1133 1345; baseline 0.001 -21"><span class='ocrx_word' id='word_1_101' title='bbox 53 1258 217 1324; x_wconf 86' lang='lat' dir='ltr'>notariae</span> <span class='ocrx_word' id='word_1_102' title='bbox 246 1258 414 1344; x_wconf 84' lang='lat' dir='ltr'>vituperari</span> <span class='ocrx_word' id='word_1_103' title='bbox 442 1259 508 1324; x_wconf 89' lang='lat' dir='ltr'>sine</span> <span class='ocrx_word' id='word_1_104' title='bbox 534 1259 680 1324; x_wconf 90' lang='lat' dir='ltr'>vitiorum</span> <span class='ocrx_word' id='word_1_105' title='bbox 703 1260 872 1345; x_wconf 81' lang='lat' dir='ltr'>cognitione</span> <span class='ocrx_word' id='word_1_106' title='bbox 895 1260 967 1323; x_wconf 82' lang='lat' dir='ltr'>satis</span> <span class='ocrx_word' id='word_1_107' title='bbox 990 1260 1133 1344; x_wconf 87' lang='lat' dir='ltr'>insignito</span> 
     </span>
     <span class='ocr_line' id='line_1_13' title="bbox 53 1360 1130 1446; baseline -0.002 -20"><span class='ocrx_word' id='word_1_108' title='bbox 53 1372 151 1446; x_wconf 90' lang='lat' dir='ltr'>atque</span> <span class='ocrx_word' id='word_1_109' title='bbox 173 1380 282 1444; x_wconf 83' lang='lat' dir='ltr'>aspere</span> <span class='ocrx_word' id='word_1_110' title='bbox 303 1380 400 1445; x_wconf 90' lang='lat' dir='ltr'>posse.</span> <span class='ocrx_word' id='word_1_111' title='bbox 424 1361 520 1446; x_wconf 75' lang='lat' dir='ltr'>Atque</span> <span class='ocrx_word' id='word_1_112' title='bbox 538 1360 587 1425; x_wconf 89' lang='lat' dir='ltr'>his</span> <span class='ocrx_word' id='word_1_113' title='bbox 602 1361 673 1426; x_wconf 88' lang='lat' dir='ltr'>locis</span> <span class='ocrx_word' id='word_1_114' title='bbox 688 1372 718 1426; x_wconf 85' lang='lat' dir='ltr'>et</span> <span class='ocrx_word' id='word_1_115' title='bbox 732 1361 877 1426; x_wconf 86' lang='lat' dir='ltr'>laudandi</span> <span class='ocrx_word' id='word_1_116' title='bbox 894 1371 923 1425; x_wconf 90' lang='lat' dir='ltr'>et</span> <span class='ocrx_word' id='word_1_117' title='bbox 938 1362 1130 1445; x_wconf 84' lang='lat' dir='ltr'>vituperandi</span> 
     </span>
     <span class='ocr_line' id='line_1_14' title="bbox 53 1462 984 1548; baseline -0.003 -19"><span class='ocrx_word' id='word_1_118' title='bbox 53 1483 151 1548; x_wconf 89' lang='lat' dir='ltr'>saepe</span> <span class='ocrx_word' id='word_1_119' title='bbox 173 1462 261 1526; x_wconf 92' lang='lat' dir='ltr'>nohis</span> <span class='ocrx_word' id='word_1_120' title='bbox 282 1473 327 1527; x_wconf 89' lang='lat' dir='ltr'>est</span> <span class='ocrx_word' id='word_1_121' title='bbox 349 1463 498 1528; x_wconf 88' lang='lat' dir='ltr'>utendum</span> <span class='ocrx_word' id='word_1_122' title='bbox 522 1464 553 1527; x_wconf 92' lang='lat' dir='ltr'>in</span> <span class='ocrx_word' id='word_1_123' title='bbox 577 1464 659 1528; x_wconf 91' lang='lat' dir='ltr'>omni</span> <span class='ocrx_word' id='word_1_124' title='bbox 683 1484 795 1548; x_wconf 85' lang='lat' dir='ltr'>genere</span> <span class='ocrx_word' id='word_1_125' title='bbox 817 1483 984 1528; x_wconf 73' lang='lat' dir='ltr'>carosanum.</span> 
     </span>
     <span class='ocr_line' id='line_1_15' title="bbox 10 1563 1270 1651; baseline -0.002 -22"><span class='ocrx_word' id='word_1_126' title='bbox 10 1626 12 1651; x_wconf 81' lang='lat'>÷</span> <span class='ocrx_word' id='word_1_127' title='bbox 99 1564 223 1630; x_wconf 86' lang='lat' dir='ltr'>Habetis</span> <span class='ocrx_word' id='word_1_128' title='bbox 246 1563 284 1630; x_wconf 91' lang='lat' dir='ltr'>de</span> <span class='ocrx_word' id='word_1_129' title='bbox 306 1565 500 1631; x_wconf 90' lang='lat' dir='ltr'>inveniendis</span> <span class='ocrx_word' id='word_1_130' title='bbox 516 1565 607 1630; x_wconf 71' lang='lat' dir='ltr'>relius</span> <span class='ocrx_word' id='word_1_131' title='bbox 622 1566 881 1651; x_wconf 86' lang='lat' dir='ltr'>disponendisque</span> <span class='ocrx_word' id='word_1_132' title='bbox 904 1565 977 1650; x_wconf 90' lang='lat' dir='ltr'>quid</span> <span class='ocrx_word' id='word_1_133' title='bbox 992 1565 1130 1629; x_wconf 87' lang='lat' dir='ltr'>sentiam.</span> <span class='ocrx_word' id='word_1_134' title='bbox 1159 1568 1209 1621; x_wconf 77' lang='lat'>350</span> <span class='ocrx_word' id='word_1_135' title='bbox 1259 1588 1270 1609; x_wconf 59' lang='grc' dir='ltr'><strong>ν</strong></span> 
     </span>
     <span class='ocr_line' id='line_1_16' title="bbox 55 1667 1133 1752; baseline 0.001 -20"><span class='ocrx_word' id='word_1_136' title='bbox 55 1667 230 1752; x_wconf 80' lang='lat' dir='ltr'>Adiungam</span> <span class='ocrx_word' id='word_1_137' title='bbox 253 1668 344 1732; x_wconf 88' lang='lat' dir='ltr'>etiam</span> <span class='ocrx_word' id='word_1_138' title='bbox 367 1668 405 1733; x_wconf 91' lang='lat' dir='ltr'>de</span> <span class='ocrx_word' id='word_1_139' title='bbox 420 1670 577 1743; x_wconf 87' lang='lat' dir='ltr'>memoria,</span> <span class='ocrx_word' id='word_1_140' title='bbox 594 1681 627 1735; x_wconf 90' lang='lat' dir='ltr'>ut</span> <span class='ocrx_word' id='word_1_141' title='bbox 643 1670 746 1733; x_wconf 86' lang='lat' dir='ltr'>labore</span> <span class='ocrx_word' id='word_1_142' title='bbox 762 1668 901 1734; x_wconf 86' lang='lat' dir='ltr'>Crassum</span> <span class='ocrx_word' id='word_1_143' title='bbox 919 1671 1017 1734; x_wconf 89' lang='lat' dir='ltr'>levem</span> <span class='ocrx_word' id='word_1_144' title='bbox 1033 1688 1133 1752; x_wconf 88' lang='lat' dir='ltr'>neque</span> 
     </span>
     <span class='ocr_line' id='line_1_17' title="bbox 56 1769 1132 1856; baseline 0 -21"><span class='ocrx_word' id='word_1_145' title='bbox 56 1770 87 1836; x_wconf 89' lang='lat' dir='ltr'>ei</span> <span class='ocrx_word' id='word_1_146' title='bbox 111 1769 281 1855; x_wconf 77' lang='lat' dir='ltr'>quidquam</span> <span class='ocrx_word' id='word_1_147' title='bbox 297 1769 390 1847; x_wconf 89' lang='lat' dir='ltr'>aliud,</span> <span class='ocrx_word' id='word_1_148' title='bbox 407 1770 519 1855; x_wconf 90' lang='lat' dir='ltr'>dequo</span> <span class='ocrx_word' id='word_1_149' title='bbox 535 1770 672 1848; x_wconf 80' lang='lat' dir='ltr'>disserat,</span> <span class='ocrx_word' id='word_1_150' title='bbox 695 1771 865 1856; x_wconf 78' lang='lat' dir='ltr'>relinquam</span> <span class='ocrx_word' id='word_1_151' title='bbox 887 1771 944 1834; x_wconf 86' lang='lat' dir='ltr'>nisi</span> <span class='ocrx_word' id='word_1_152' title='bbox 961 1791 1005 1848; x_wconf 87' lang='lat' dir='ltr'>ea,</span> <span class='ocrx_word' id='word_1_153' title='bbox 1022 1771 1132 1855; x_wconf 86' lang='lat' dir='ltr'>quihus</span> 
     </span>
     <span class='ocr_line' id='line_1_18' title="bbox 58 1872 355 1938; baseline 0 -2"><span class='ocrx_word' id='word_1_154' title='bbox 58 1872 137 1937; x_wconf 83' lang='lat' dir='ltr'>liaeo</span> <span class='ocrx_word' id='word_1_155' title='bbox 158 1882 355 1938; x_wconf 85' lang='lat' dir='ltr'>exornentur.</span> 
     </span>
    </p>

    <p class='ocr_par' dir='ltr' id='par_1_3' title="bbox 107 1972 1133 2059">
     <span class='ocr_line' id='line_1_19' title="bbox 107 1972 1133 2059; baseline 0.001 -20"><span class='ocrx_word' id='word_1_156' title='bbox 107 1972 302 2040; x_wconf 75' lang='lat' dir='ltr'>LXXXVI.</span> <span class='ocrx_word' id='word_1_157' title='bbox 326 1973 420 2059; x_wconf 84' lang='lat' dir='ltr'>Perge</span> <span class='ocrx_word' id='word_1_158' title='bbox 443 1993 524 2051; x_wconf 89' lang='lat' dir='ltr'>vero,</span> <span class='ocrx_word' id='word_1_159' title='bbox 549 1974 648 2059; x_wconf 89' lang='lat' dir='ltr'>inquit</span> <span class='ocrx_word' id='word_1_160' title='bbox 671 1975 802 2040; x_wconf 84' lang='lat' dir='ltr'>Crassus.</span> <span class='ocrx_word' id='word_1_161' title='bbox 831 1975 973 2040; x_wconf 77' lang='lat' dir='ltr'>libenter</span> <span class='ocrx_word' id='word_1_162' title='bbox 995 1977 1077 2040; x_wconf 89' lang='lat' dir='ltr'>enim</span> <span class='ocrx_word' id='word_1_163' title='bbox 1106 1987 1133 2040; x_wconf 89' lang='lat' dir='ltr'>te</span> 
     </span>
    </p>
   </div>
   <div class='ocr_carea' id='block_1_3' title="bbox 55 2075 1208 2770">
    <p class='ocr_par' dir='ltr' id='par_1_4' title="bbox 55 2075 1208 2770">
     <span class='ocr_line' id='line_1_20' title="bbox 57 2075 1132 2163; baseline 0.003 -23"><span class='ocrx_word' id='word_1_164' title='bbox 57 2075 215 2162; x_wconf 78' lang='lat' dir='ltr'>cognitum</span> <span class='ocrx_word' id='word_1_165' title='bbox 237 2075 297 2139; x_wconf 91' lang='lat' dir='ltr'>iam</span> <span class='ocrx_word' id='word_1_166' title='bbox 326 2076 474 2141; x_wconf 88' lang='lat' dir='ltr'>artilioem</span> <span class='ocrx_word' id='word_1_167' title='bbox 502 2077 728 2162; x_wconf 87' lang='lat' dir='ltr'>aliquandoque</span> <span class='ocrx_word' id='word_1_168' title='bbox 750 2080 907 2143; x_wconf 80' lang='lat' dir='ltr'>evolutum</span> <span class='ocrx_word' id='word_1_169' title='bbox 932 2079 991 2142; x_wconf 86' lang='lat' dir='ltr'>illis</span> <span class='ocrx_word' id='word_1_170' title='bbox 1020 2080 1132 2163; x_wconf 84' lang='lat' dir='ltr'>integu-</span> 
     </span>
     <span class='ocr_line' id='line_1_21' title="bbox 56 2178 1132 2266; baseline 0.003 -24"><span class='ocrx_word' id='word_1_171' title='bbox 56 2179 173 2243; x_wconf 89' lang='lat' dir='ltr'>mentis</span> <span class='ocrx_word' id='word_1_172' title='bbox 196 2178 446 2243; x_wconf 85' lang='lat' dir='ltr'>dissimulationis</span> <span class='ocrx_word' id='word_1_173' title='bbox 470 2188 538 2244; x_wconf 86' lang='lat' dir='ltr'>tuae</span> <span class='ocrx_word' id='word_1_174' title='bbox 568 2180 779 2265; x_wconf 86' lang='lat' dir='ltr'>nudatumque</span> <span class='ocrx_word' id='word_1_175' title='bbox 811 2181 974 2265; x_wconf 80' lang='lat' dir='ltr'>perspicio3</span> <span class='ocrx_word' id='word_1_176' title='bbox 999 2192 1028 2245; x_wconf 89' lang='lat' dir='ltr'>et</span> <span class='ocrx_word' id='word_1_177' title='bbox 1051 2182 1132 2266; x_wconf 89' lang='lat' dir='ltr'>qnod</span> 
     </span>
     <span class='ocr_line' id='line_1_22' title="bbox 56 2280 1133 2368; baseline 0.003 -23"><span class='ocrx_word' id='word_1_178' title='bbox 56 2280 137 2345; x_wconf 88' lang='lat' dir='ltr'>mihi</span> <span class='ocrx_word' id='word_1_179' title='bbox 155 2281 233 2345; x_wconf 86' lang='lat' dir='ltr'>nihil</span> <span class='ocrx_word' id='word_1_180' title='bbox 249 2289 378 2347; x_wconf 93' lang='lat' dir='ltr'>autnon</span> <span class='ocrx_word' id='word_1_181' title='bbox 394 2283 526 2347; x_wconf 89' lang='lat' dir='ltr'>multum</span> <span class='ocrx_word' id='word_1_182' title='bbox 543 2283 700 2367; x_wconf 86' lang='lat' dir='ltr'>relinquis,</span> <span class='ocrx_word' id='word_1_183' title='bbox 718 2284 930 2368; x_wconf 84' lang='lat' dir='ltr'>percommode</span> <span class='ocrx_word' id='word_1_184' title='bbox 947 2283 1016 2347; x_wconf 80' lang='lat' dir='ltr'>lacis</span> <span class='ocrx_word' id='word_1_185' title='bbox 1028 2294 1133 2368; x_wconf 86' lang='lat' dir='ltr'>estque</span> 
     </span>
     <span class='ocr_line' id='line_1_23' title="bbox 55 2383 1208 2471; baseline -0.003 -23"><span class='ocrx_word' id='word_1_186' title='bbox 55 2383 136 2448; x_wconf 89' lang='lat' dir='ltr'>mihi</span> <span class='ocrx_word' id='word_1_187' title='bbox 159 2395 290 2468; x_wconf 87' lang='lat' dir='ltr'>gratum.</span> <span class='ocrx_word' id='word_1_188' title='bbox 336 2383 396 2448; x_wconf 93' lang='lat' dir='ltr'>lam</span> <span class='ocrx_word' id='word_1_189' title='bbox 420 2384 494 2449; x_wconf 86' lang='lat' dir='ltr'>istuo</span> <span class='ocrx_word' id='word_1_190' title='bbox 517 2396 666 2469; x_wconf 89' lang='lat' dir='ltr'>quantum</span> <span class='ocrx_word' id='word_1_191' title='bbox 683 2386 736 2449; x_wconf 86' lang='lat' dir='ltr'>tibi</span> <span class='ocrx_word' id='word_1_192' title='bbox 753 2406 807 2471; x_wconf 87' lang='lat' dir='ltr'>ego</span> <span class='ocrx_word' id='word_1_193' title='bbox 827 2386 1014 2470; x_wconf 85' lang='lat' dir='ltr'>reliquerim,</span> <span class='ocrx_word' id='word_1_194' title='bbox 1035 2386 1133 2470; x_wconf 87' lang='lat' dir='ltr'>inquit</span> <span class='ocrx_word' id='word_1_195' title='bbox 1159 2390 1208 2444; x_wconf 79' lang='lat'>351</span> 
     </span>
     <span class='ocr_line' id='line_1_24' title="bbox 56 2486 1132 2574; baseline 0.002 -24"><span class='ocrx_word' id='word_1_196' title='bbox 56 2486 217 2563; x_wconf 79' lang='lat' dir='ltr'>Antonius,</span> <span class='ocrx_word' id='word_1_197' title='bbox 241 2486 299 2550; x_wconf 89' lang='lat' dir='ltr'>erit</span> <span class='ocrx_word' id='word_1_198' title='bbox 322 2486 427 2551; x_wconf 90' lang='lat' dir='ltr'>intua</span> <span class='ocrx_word' id='word_1_199' title='bbox 450 2496 605 2571; x_wconf 87' lang='lat' dir='ltr'>potestate.</span> <span class='ocrx_word' id='word_1_200' title='bbox 631 2487 661 2552; x_wconf 89' lang='lat' dir='ltr'>Si</span> <span class='ocrx_word' id='word_1_201' title='bbox 677 2489 760 2552; x_wconf 88' lang='lat' dir='ltr'>enim</span> <span class='ocrx_word' id='word_1_202' title='bbox 784 2508 856 2552; x_wconf 82' lang='lat' dir='ltr'>vere</span> <span class='ocrx_word' id='word_1_203' title='bbox 878 2508 966 2574; x_wconf 87' lang='lat' dir='ltr'>agere</span> <span class='ocrx_word' id='word_1_204' title='bbox 990 2489 1132 2565; x_wconf 86' lang='lat' dir='ltr'>volueris,</span> 
     </span>
     <span class='ocr_line' id='line_1_25' title="bbox 56 2584 1133 2675; baseline 0.002 -21"><span class='ocrx_word' id='word_1_205' title='bbox 56 2589 163 2654; x_wconf 91' lang='lat' dir='ltr'>omnia</span> <span class='ocrx_word' id='word_1_206' title='bbox 188 2588 241 2653; x_wconf 91' lang='lat' dir='ltr'>tibi</span> <span class='ocrx_word' id='word_1_207' title='bbox 258 2584 415 2674; x_wconf 88' lang='lat' dir='ltr'>relinquo;</span> <span class='ocrx_word' id='word_1_208' title='bbox 440 2590 487 2654; x_wconf 90' lang='lat' dir='ltr'>sin</span> <span class='ocrx_word' id='word_1_209' title='bbox 504 2590 705 2668; x_wconf 85' lang='lat' dir='ltr'>dissimulare,</span> <span class='ocrx_word' id='word_1_210' title='bbox 730 2602 761 2655; x_wconf 91' lang='lat' dir='ltr'>tu</span> <span class='ocrx_word' id='word_1_211' title='bbox 784 2611 873 2675; x_wconf 87' lang='lat' dir='ltr'>quem</span> <span class='ocrx_word' id='word_1_212' title='bbox 891 2592 1069 2657; x_wconf 89' lang='lat' dir='ltr'>admodum</span> <span class='ocrx_word' id='word_1_213' title='bbox 1087 2593 1133 2656; x_wconf 89' lang='lat' dir='ltr'>his</span> 
     </span>
     <span class='ocr_line' id='line_1_26' title="bbox 56 2690 1133 2770; baseline 0.003 -14"><span class='ocrx_word' id='word_1_214' title='bbox 56 2692 131 2756; x_wconf 91' lang='lat' dir='ltr'>satis</span> <span class='ocrx_word' id='word_1_215' title='bbox 154 2691 245 2755; x_wconf 85' lang='lat' dir='ltr'>iacias</span> <span class='ocrx_word' id='word_1_216' title='bbox 267 2690 390 2756; x_wconf 89' lang='lat' dir='ltr'>videris.</span> <span class='ocrx_word' id='word_1_217' title='bbox 415 2692 484 2769; x_wconf 87' lang='lat' dir='ltr'>Sed,</span> <span class='ocrx_word' id='word_1_218' title='bbox 508 2703 541 2756; x_wconf 90' lang='lat' dir='ltr'>ut</span> <span class='ocrx_word' id='word_1_219' title='bbox 564 2693 601 2756; x_wconf 93' lang='lat' dir='ltr'>ad</span> <span class='ocrx_word' id='word_1_220' title='bbox 625 2714 690 2758; x_wconf 89' lang='lat' dir='ltr'>rom</span> <span class='ocrx_word' id='word_1_221' title='bbox 714 2694 846 2770; x_wconf 83' lang='lat' dir='ltr'>redeam,</span> <span class='ocrx_word' id='word_1_222' title='bbox 871 2715 932 2758; x_wconf 93' lang='lat' dir='ltr'>non</span> <span class='ocrx_word' id='word_1_223' title='bbox 960 2715 1025 2759; x_wconf 89' lang='lat' dir='ltr'>sum</span> <span class='ocrx_word' id='word_1_224' title='bbox 1051 2705 1133 2759; x_wconf 90' lang='lat' dir='ltr'>tanto</span> 
     </span>
    </p>
   </div>
   <div class='ocr_carea' id='block_1_4' title="bbox 57 2873 1134 3059">
    <p class='ocr_par' dir='ltr' id='par_1_5' title="bbox 57 2873 1134 3059">
     <span class='ocr_line' id='line_1_27' title="bbox 127 2873 1134 2927; baseline 0.001 -10"><span class='ocrx_word' id='word_1_225' title='bbox 127 2873 200 2917; x_wconf 68' lang='lat'>848.</span> <span class='ocrx_word' id='word_1_226' title='bbox 214 2874 416 2927; x_wconf 66' lang='lat' dir='ltr'>commoratio</span> <span class='ocrx_word' id='word_1_227' title='bbox 435 2892 462 2905; x_wconf 85' lang='lat'>==</span> <span class='ocrx_word' id='word_1_228' title='bbox 479 2873 495 2915; x_wconf 95' lang='lat' dir='ltr'>il</span> <span class='ocrx_word' id='word_1_229' title='bbox 510 2886 666 2926; x_wconf 81' lang='lat' dir='ltr'>parngonore</span> <span class='ocrx_word' id='word_1_230' title='bbox 682 2874 776 2916; x_wconf 83' lang='lat' dir='ltr'>l&#39;uomo</span> <span class='ocrx_word' id='word_1_231' title='bbox 798 2873 881 2918; x_wconf 84' lang='lat' dir='ltr'>loduto</span> <span class='ocrx_word' id='word_1_232' title='bbox 901 2873 933 2917; x_wconf 83' lang='lat' dir='ltr'>du</span> <span class='ocrx_word' id='word_1_233' title='bbox 953 2876 991 2917; x_wconf 88' lang='lat' dir='ltr'>noi</span> <span class='ocrx_word' id='word_1_234' title='bbox 1009 2888 1094 2918; x_wconf 85' lang='lat' dir='ltr'>oon...</span> <span class='ocrx_word' id='word_1_235' title='bbox 1109 2898 1134 2903; x_wconf 98' lang='lat'><strong>—</strong></span> 
     </span>
     <span class='ocr_line' id='line_1_28' title="bbox 57 2938 1134 2993; baseline -0.002 -9"><span class='ocrx_word' id='word_1_236' title='bbox 57 2940 228 2984; x_wconf 77' lang='lat' dir='ltr'>libitam...</span> <span class='ocrx_word' id='word_1_237' title='bbox 242 2942 302 2986; x_wconf 74' lang='lat' dir='ltr'>eat.</span> <span class='ocrx_word' id='word_1_238' title='bbox 316 2938 379 2992; x_wconf 77' lang='lat' dir='ltr'>perf.</span> <span class='ocrx_word' id='word_1_239' title='bbox 393 2939 418 2983; x_wconf 87' lang='lat' dir='ltr'>di</span> <span class='ocrx_word' id='word_1_240' title='bbox 434 2939 520 2993; x_wconf 71' lang='lat' dir='ltr'>libere,</span> <span class='ocrx_word' id='word_1_241' title='bbox 536 2938 644 2992; x_wconf 70' lang='lat' dir='ltr'>pindere,</span> <span class='ocrx_word' id='word_1_242' title='bbox 658 2939 798 2991; x_wconf 67' lang='lat' dir='ltr'>ttagtuttlire.</span> <span class='ocrx_word' id='word_1_243' title='bbox 817 2941 835 2983; x_wconf 89' lang='lat' dir='ltr'>ll</span> <span class='ocrx_word' id='word_1_244' title='bbox 850 2940 912 2992; x_wconf 81' lang='lat' dir='ltr'>porf.</span> <span class='ocrx_word' id='word_1_245' title='bbox 927 2954 974 2983; x_wconf 87' lang='lat' dir='ltr'>non</span> <span class='ocrx_word' id='word_1_246' title='bbox 990 2941 1002 2983; x_wconf 73' lang='lat' dir='ltr'>d</span> <span class='ocrx_word' id='word_1_247' title='bbox 1019 2941 1134 2983; x_wconf 75' lang='lat' dir='ltr'>(toan.—</span> 
     </span>
     <span class='ocr_line' id='line_1_29' title="bbox 58 3005 608 3059; baseline -0.004 -9"><span class='ocrx_word' id='word_1_248' title='bbox 58 3018 121 3050; x_wconf 85' lang='lat' dir='ltr'>non</span> <span class='ocrx_word' id='word_1_249' title='bbox 143 3010 245 3051; x_wconf 84' lang='lat' dir='ltr'>tam...</span> <span class='ocrx_word' id='word_1_250' title='bbox 263 3018 368 3059; x_wconf 83' lang='lat' dir='ltr'>qaam.</span> <span class='ocrx_word' id='word_1_251' title='bbox 390 3005 418 3049; x_wconf 86' lang='lat' dir='ltr'>V.</span> <span class='ocrx_word' id='word_1_252' title='bbox 434 3010 492 3049; x_wconf 86' lang='lat' dir='ltr'>notu</span> <span class='ocrx_word' id='word_1_253' title='bbox 507 3020 520 3048; x_wconf 87' lang='lat' dir='ltr'>u</span> <span class='ocrx_word' id='word_1_254' title='bbox 536 3007 547 3055; x_wconf 69' lang='grc' dir='ltr'><strong>ξ</strong></span> <span class='ocrx_word' id='word_1_255' title='bbox 561 3007 608 3048; x_wconf 75' lang='lat'>295.</span> 
     </span>
    </p>
   </div>
   <div class='ocr_carea' id='block_1_5' title="bbox 58 3093 1134 3213">
    <p class='ocr_par' dir='ltr' id='par_1_6' title="bbox 58 3093 1134 3213">
     <span class='ocr_line' id='line_1_30' title="bbox 129 3093 1134 3147; baseline -0.001 -10"><span class='ocrx_word' id='word_1_256' title='bbox 129 3094 200 3137; x_wconf 69' lang='lat'>84⁹.</span> <span class='ocrx_word' id='word_1_257' title='bbox 221 3093 309 3137; x_wconf 74' lang='lat' dir='ltr'>illua</span> <span class='ocrx_word' id='word_1_258' title='bbox 323 3093 433 3147; x_wconf 80' lang='lat' dir='ltr'>anticipa</span> <span class='ocrx_word' id='word_1_259' title='bbox 447 3093 472 3137; x_wconf 87' lang='lat' dir='ltr'>la</span> <span class='ocrx_word' id='word_1_260' title='bbox 485 3106 584 3146; x_wconf 83' lang='lat' dir='ltr'>propos.</span> <span class='ocrx_word' id='word_1_261' title='bbox 600 3106 644 3136; x_wconf 85' lang='lat' dir='ltr'>neo</span> <span class='ocrx_word' id='word_1_262' title='bbox 659 3095 790 3138; x_wconf 74' lang='lat' dir='ltr'>barrium...</span> <span class='ocrx_word' id='word_1_263' title='bbox 808 3107 890 3147; x_wconf 78' lang='lat' dir='ltr'>posse.</span> <span class='ocrx_word' id='word_1_264' title='bbox 944 3095 952 3136; x_wconf 90' lang='grc' dir='ltr'>ι’</span> <span class='ocrx_word' id='word_1_265' title='bbox 958 3094 1007 3136; x_wconf 83' lang='lat' dir='ltr'>nsi</span> <span class='ocrx_word' id='word_1_266' title='bbox 1012 3095 1066 3146; x_wconf 74' lang='lat' dir='ltr'>pret</span> <span class='ocrx_word' id='word_1_267' title='bbox 1071 3097 1098 3136; x_wconf 83' lang='lat' dir='ltr'>to</span> <span class='ocrx_word' id='word_1_268' title='bbox 1108 3111 1134 3128; x_wconf 86' lang='lat'>==</span> 
     </span>
     <span class='ocr_line' id='line_1_31' title="bbox 58 3159 1134 3213; baseline -0.004 -7"><span class='ocrx_word' id='word_1_269' title='bbox 58 3175 105 3206; x_wconf 85' lang='lat' dir='ltr'>eon</span> <span class='ocrx_word' id='word_1_270' title='bbox 116 3161 226 3209; x_wconf 77' lang='lat' dir='ltr'>vivezzu,</span> <span class='ocrx_word' id='word_1_271' title='bbox 235 3172 281 3204; x_wconf 87' lang='lat' dir='ltr'>oon</span> <span class='ocrx_word' id='word_1_272' title='bbox 291 3159 437 3212; x_wconf 82' lang='lat' dir='ltr'>precisione.</span> <span class='ocrx_word' id='word_1_273' title='bbox 447 3182 472 3190; x_wconf 90' lang='lat'><strong>—</strong></span> <span class='ocrx_word' id='word_1_274' title='bbox 484 3160 669 3203; x_wconf 68' lang='lat' dir='ltr'>laudandae</span> <span class='ocrx_word' id='word_1_275' title='bbox 680 3160 892 3213; x_wconf 66' lang='lat' dir='ltr'>vituperandi·</span> <span class='ocrx_word' id='word_1_276' title='bbox 902 3173 945 3201; x_wconf 81' lang='lat' dir='ltr'>son</span> <span class='ocrx_word' id='word_1_277' title='bbox 955 3159 1009 3202; x_wconf 80' lang='lat' dir='ltr'>rrtti</span> <span class='ocrx_word' id='word_1_278' title='bbox 1019 3159 1050 3201; x_wconf 85' lang='lat' dir='ltr'>du</span> <span class='ocrx_word' id='word_1_279' title='bbox 1065 3159 1134 3202; x_wconf 79' lang='lat' dir='ltr'>loris.</span> 
     </span>
    </p>
   </div>
   <div class='ocr_carea' id='block_1_6' title="bbox 56 3259 1135 3448">
    <p class='ocr_par' dir='ltr' id='par_1_7' title="bbox 56 3259 1135 3448">
     <span class='ocr_line' id='line_1_32' title="bbox 128 3259 1134 3314; baseline -0.004 -9"><span class='ocrx_word' id='word_1_280' title='bbox 128 3262 204 3305; x_wconf 67' lang='lat'>85⁰.</span> <span class='ocrx_word' id='word_1_281' title='bbox 219 3259 357 3305; x_wconf 79' lang='lat' dir='ltr'>Habetis</span> <span class='ocrx_word' id='word_1_282' title='bbox 378 3261 449 3307; x_wconf 83' lang='lat' dir='ltr'>de...</span> <span class='ocrx_word' id='word_1_283' title='bbox 469 3261 545 3314; x_wconf 84' lang='lat' dir='ltr'>quid</span> <span class='ocrx_word' id='word_1_284' title='bbox 566 3262 704 3304; x_wconf 77' lang='lat' dir='ltr'>aetoliam</span> <span class='ocrx_word' id='word_1_285' title='bbox 720 3281 746 3293; x_wconf 87' lang='lat'>=</span> <span class='ocrx_word' id='word_1_286' title='bbox 761 3261 806 3303; x_wconf 76' lang='lat' dir='ltr'>Voi</span> <span class='ocrx_word' id='word_1_287' title='bbox 827 3267 957 3303; x_wconf 80' lang='lat' dir='ltr'>oorrosoete</span> <span class='ocrx_word' id='word_1_288' title='bbox 972 3264 1032 3307; x_wconf 87' lang='lat' dir='ltr'>toro)</span> <span class='ocrx_word' id='word_1_289' title='bbox 1047 3260 1069 3303; x_wconf 89' lang='lat' dir='ltr'>ln</span> <span class='ocrx_word' id='word_1_290' title='bbox 1087 3260 1134 3302; x_wconf 83' lang='lat' dir='ltr'>ntiu</span> 
     </span>
     <span class='ocr_line' id='line_1_33' title="bbox 56 3325 1135 3383; baseline -0.004 -12"><span class='ocrx_word' id='word_1_291' title='bbox 56 3327 177 3383; x_wconf 89' lang='lat' dir='ltr'>opinione</span> <span class='ocrx_word' id='word_1_292' title='bbox 188 3328 285 3371; x_wconf 87' lang='lat' dir='ltr'>intorno</span> <span class='ocrx_word' id='word_1_293' title='bbox 295 3327 356 3373; x_wconf 86' lang='lat' dir='ltr'>al...</span> <span class='ocrx_word' id='word_1_294' title='bbox 368 3351 393 3356; x_wconf 94' lang='lat'><strong>—</strong></span> <span class='ocrx_word' id='word_1_295' title='bbox 405 3328 502 3370; x_wconf 77' lang='lat' dir='ltr'>leuem</span> <span class='ocrx_word' id='word_1_296' title='bbox 513 3325 526 3369; x_wconf 79' lang='grc' dir='ltr'><strong>ὸ</strong></span> <span class='ocrx_word' id='word_1_297' title='bbox 537 3327 577 3370; x_wconf 87' lang='lat' dir='ltr'>dul</span> <span class='ocrx_word' id='word_1_298' title='bbox 589 3326 663 3371; x_wconf 80' lang='lat' dir='ltr'>verbo</span> <span class='ocrx_word' id='word_1_299' title='bbox 684 3328 801 3370; x_wconf 75' lang='lat' dir='ltr'>leuare.</span> <span class='ocrx_word' id='word_1_300' title='bbox 816 3350 842 3355; x_wconf 89' lang='lat'>-—</span> <span class='ocrx_word' id='word_1_301' title='bbox 857 3340 903 3379; x_wconf 82' lang='lat' dir='ltr'>ea,</span> <span class='ocrx_word' id='word_1_302' title='bbox 923 3339 960 3379; x_wconf 83' lang='lat' dir='ltr'>qu</span> <span class='ocrx_word' id='word_1_303' title='bbox 969 3327 1038 3369; x_wconf 63' lang='lat' dir='ltr'>ilaus</span> <span class='ocrx_word' id='word_1_304' title='bbox 1059 3327 1074 3369; x_wconf 85' lang='lat' dir='ltr'>lt</span> <span class='ocrx_word' id='word_1_305' title='bbox 1083 3337 1135 3368; x_wconf 47' lang='lat' dir='ltr'>aare</span> 
     </span>
     <span class='ocr_line' id='line_1_34' title="bbox 57 3393 624 3448; baseline -0.009 -8"><span class='ocrx_word' id='word_1_306' title='bbox 57 3397 271 3448; x_wconf 71' lang='lat' dir='ltr'>exornentur,</span> <span class='ocrx_word' id='word_1_307' title='bbox 287 3397 432 3446; x_wconf 76' lang='lat' dir='ltr'>argomento</span> <span class='ocrx_word' id='word_1_308' title='bbox 448 3393 487 3436; x_wconf 84' lang='lat' dir='ltr'>del</span> <span class='ocrx_word' id='word_1_309' title='bbox 504 3393 539 3436; x_wconf 92' lang='lat' dir='ltr'>lll</span> <span class='ocrx_word' id='word_1_310' title='bbox 554 3393 624 3436; x_wconf 87' lang='lat' dir='ltr'>libro.</span> 
     </span>
    </p>
   </div>
   <div class='ocr_carea' id='block_1_7' title="bbox 51 3476 1135 3728">
    <p class='ocr_par' dir='ltr' id='par_1_8' title="bbox 51 3476 1135 3728">
     <span class='ocr_line' id='line_1_35' title="bbox 128 3476 1133 3530; baseline 0 -10"><span class='ocrx_word' id='word_1_311' title='bbox 128 3476 200 3530; x_wconf 79' lang='lat' dir='ltr'>cap.</span> <span class='ocrx_word' id='word_1_312' title='bbox 221 3476 397 3520; x_wconf 70' lang='lat' dir='ltr'>Lxxxvl.</span> <span class='ocrx_word' id='word_1_313' title='bbox 417 3499 443 3507; x_wconf 91' lang='lat'>—</span> <span class='ocrx_word' id='word_1_314' title='bbox 465 3477 627 3530; x_wconf 75' lang='lat' dir='ltr'>cognitane</span> <span class='ocrx_word' id='word_1_315' title='bbox 656 3478 719 3520; x_wconf 84' lang='lat' dir='ltr'>iam</span> <span class='ocrx_word' id='word_1_316' title='bbox 742 3476 944 3529; x_wconf 81' lang='lat' dir='ltr'>artificem...</span> <span class='ocrx_word' id='word_1_317' title='bbox 966 3477 1133 3530; x_wconf 74' lang='lat' dir='ltr'>peroptato</span> 
     </span>
     <span class='ocr_line' id='line_1_36' title="bbox 54 3541 1135 3596; baseline -0.001 -9"><span class='ocrx_word' id='word_1_318' title='bbox 54 3566 83 3580; x_wconf 91' lang='lat'>-</span> <span class='ocrx_word' id='word_1_319' title='bbox 98 3543 251 3596; x_wconf 79' lang='lat' dir='ltr'>comprenda</span> <span class='ocrx_word' id='word_1_320' title='bbox 267 3542 311 3586; x_wconf 84' lang='lat' dir='ltr'>che</span> <span class='ocrx_word' id='word_1_321' title='bbox 326 3542 345 3586; x_wconf 88' lang='lat' dir='ltr'>tt</span> <span class='ocrx_word' id='word_1_322' title='bbox 367 3542 402 3586; x_wconf 90' lang='lat' dir='ltr'>sei</span> <span class='ocrx_word' id='word_1_323' title='bbox 418 3541 476 3586; x_wconf 84' lang='lat' dir='ltr'>dato</span> <span class='ocrx_word' id='word_1_324' title='bbox 492 3557 506 3586; x_wconf 87' lang='grc' dir='ltr'>ιι</span> <span class='ocrx_word' id='word_1_325' title='bbox 521 3542 637 3586; x_wconf 78' lang='lat' dir='ltr'>diradare</span> <span class='ocrx_word' id='word_1_326' title='bbox 653 3547 749 3587; x_wconf 80' lang='lat' dir='ltr'>oraturo</span> <span class='ocrx_word' id='word_1_327' title='bbox 765 3543 838 3595; x_wconf 70' lang='lat' dir='ltr'>piano</span> <span class='ocrx_word' id='word_1_328' title='bbox 854 3542 930 3587; x_wconf 83' lang='lat' dir='ltr'>d&#39;nrte</span> <span class='ocrx_word' id='word_1_329' title='bbox 942 3555 964 3594; x_wconf 85' lang='grc' dir='ltr'>ο,</span> <span class='ocrx_word' id='word_1_330' title='bbox 978 3556 1045 3586; x_wconf 85' lang='lat' dir='ltr'>come</span> <span class='ocrx_word' id='word_1_331' title='bbox 1061 3543 1135 3586; x_wconf 84' lang='lat' dir='ltr'>inter-</span> 
     </span>
     <span class='ocr_line' id='line_1_37' title="bbox 51 3608 1135 3667; baseline -0.002 -12"><span class='ocrx_word' id='word_1_332' title='bbox 51 3616 131 3667; x_wconf 76' lang='lat' dir='ltr'>prete</span> <span class='ocrx_word' id='word_1_333' title='bbox 148 3609 164 3652; x_wconf 92' lang='lat' dir='ltr'>il</span> <span class='ocrx_word' id='word_1_334' title='bbox 179 3609 257 3663; x_wconf 83' lang='lat' dir='ltr'>Sorof,</span> <span class='ocrx_word' id='word_1_335' title='bbox 278 3609 431 3653; x_wconf 83' lang='lat' dir='ltr'>conosoitore</span> <span class='ocrx_word' id='word_1_336' title='bbox 454 3608 519 3653; x_wconf 88' lang='lat' dir='ltr'>della</span> <span class='ocrx_word' id='word_1_337' title='bbox 541 3609 626 3654; x_wconf 85' lang='lat' dir='ltr'>teoria.</span> <span class='ocrx_word' id='word_1_338' title='bbox 648 3633 672 3638; x_wconf 90' lang='lat'>—-</span> <span class='ocrx_word' id='word_1_339' title='bbox 695 3610 866 3653; x_wconf 81' lang='lat' dir='ltr'>evolutum.</span> <span class='ocrx_word' id='word_1_340' title='bbox 888 3608 980 3653; x_wconf 72' lang='lat' dir='ltr'>Eroti-i</span> <span class='ocrx_word' id='word_1_341' title='bbox 1001 3609 1135 3663; x_wconf 82' lang='lat' dir='ltr'>aliquare</span> 
     </span>
     <span class='ocr_line' id='line_1_38' title="bbox 53 3674 294 3728; baseline -0.012 -7"><span class='ocrx_word' id='word_1_342' title='bbox 53 3678 129 3722; x_wconf 83' lang='lat' dir='ltr'>vale:</span> <span class='ocrx_word' id='word_1_343' title='bbox 152 3674 294 3728; x_wconf 79' lang='lat' dir='ltr'>spogliarsi.</span> 
     </span>
    </p>
   </div>
   <div class='ocr_carea' id='block_1_8' title="bbox 51 3762 1138 3893">
    <p class='ocr_par' dir='ltr' id='par_1_9' title="bbox 51 3762 1138 3893">
     <span class='ocr_line' id='line_1_39' title="bbox 128 3762 1135 3819; baseline -0.001 -12"><span class='ocrx_word' id='word_1_344' title='bbox 128 3764 196 3807; x_wconf 76' lang='lat' dir='ltr'>atti.</span> <span class='ocrx_word' id='word_1_345' title='bbox 211 3763 296 3808; x_wconf 77' lang='lat' dir='ltr'>istac</span> <span class='ocrx_word' id='word_1_346' title='bbox 309 3782 336 3796; x_wconf 82' lang='lat'>=</span> <span class='ocrx_word' id='word_1_347' title='bbox 350 3762 374 3806; x_wconf 91' lang='lat' dir='ltr'>in</span> <span class='ocrx_word' id='word_1_348' title='bbox 389 3770 482 3816; x_wconf 80' lang='lat' dir='ltr'>quanto</span> <span class='ocrx_word' id='word_1_349' title='bbox 493 3762 563 3807; x_wconf 80' lang='lat' dir='ltr'>aeid.</span> <span class='ocrx_word' id='word_1_350' title='bbox 578 3787 603 3794; x_wconf 97' lang='lat'>—</span> <span class='ocrx_word' id='word_1_351' title='bbox 618 3765 680 3808; x_wconf 82' lang='lat' dir='ltr'>erit</span> <span class='ocrx_word' id='word_1_352' title='bbox 703 3766 734 3808; x_wconf 82' lang='lat' dir='ltr'>in</span> <span class='ocrx_word' id='word_1_353' title='bbox 755 3768 811 3808; x_wconf 83' lang='lat' dir='ltr'>tua</span> <span class='ocrx_word' id='word_1_354' title='bbox 829 3768 996 3819; x_wconf 81' lang='lat' dir='ltr'>potestate</span> <span class='ocrx_word' id='word_1_355' title='bbox 1010 3785 1035 3797; x_wconf 81' lang='lat'>==</span> <span class='ocrx_word' id='word_1_356' title='bbox 1051 3764 1135 3816; x_wconf 83' lang='lat' dir='ltr'>dipen-</span> 
     </span>
     <span class='ocr_line' id='line_1_40' title="bbox 51 3828 1138 3893; baseline -0.006 -16"><span class='ocrx_word' id='word_1_357' title='bbox 51 3831 119 3877; x_wconf 75' lang='lat' dir='ltr'>derd</span> <span class='ocrx_word' id='word_1_358' title='bbox 139 3828 180 3873; x_wconf 87' lang='lat' dir='ltr'>dal</span> <span class='ocrx_word' id='word_1_359' title='bbox 201 3834 244 3873; x_wconf 89' lang='lat' dir='ltr'>tuo</span> <span class='ocrx_word' id='word_1_360' title='bbox 265 3828 416 3893; x_wconf 75' lang='lat' dir='ltr'>arbitria-</span> <span class='ocrx_word' id='word_1_361' title='bbox 434 3841 505 3874; x_wconf 80' lang='lat' dir='ltr'>aare</span> <span class='ocrx_word' id='word_1_362' title='bbox 525 3849 553 3862; x_wconf 90' lang='lat'>-</span> <span class='ocrx_word' id='word_1_363' title='bbox 567 3829 599 3884; x_wconf 79' lang='lat' dir='ltr'>da</span> <span class='ocrx_word' id='word_1_364' title='bbox 620 3843 704 3887; x_wconf 75' lang='lat' dir='ltr'>senno,</span> <span class='ocrx_word' id='word_1_365' title='bbox 718 3831 757 3875; x_wconf 86' lang='lat' dir='ltr'>sul</span> <span class='ocrx_word' id='word_1_366' title='bbox 771 3831 836 3876; x_wconf 81' lang='lat' dir='ltr'>serio</span> <span class='ocrx_word' id='word_1_367' title='bbox 852 3845 866 3875; x_wconf 86' lang='lat' dir='ltr'>e</span> <span class='ocrx_word' id='word_1_368' title='bbox 880 3830 988 3875; x_wconf 83' lang='lat' dir='ltr'>seeundo</span> <span class='ocrx_word' id='word_1_369' title='bbox 1002 3831 1029 3874; x_wconf 82' lang='lat' dir='ltr'>lu</span> <span class='ocrx_word' id='word_1_370' title='bbox 1040 3828 1138 3881; x_wconf 65' lang='lat' dir='ltr'>dignito</span> 
     </span>
    </p>
   </div>
   <div class='ocr_carea' id='block_1_9' title="bbox 0 0 1291 4236">
    <p class='ocr_par' dir='ltr' id='par_1_10' title="bbox 0 0 1291 4236">
     <span class='ocr_line' id='line_1_41' title="bbox 0 0 1291 4236; baseline 0 0"><span class='ocrx_word' id='word_1_371' title='bbox 0 0 1291 4236; x_wconf 95' lang='lat' dir='ltr'> </span> 
     </span>
    </p>
   </div>
  </div>
 </body>
</html>
