2526 4246
201 155 244 195 mc
261 153 409 196 onerosus
425 155 488 196 ure.
507 157 557 209 ιιι,
576 155 644 198 our.
662 157 840 207 xxv-xxm,
863 158 979 208 ctooms
1076 143 1127 200 307

65 248 177 337 incidat,
198 257 354 346 adspiciat,
378 259 556 339 admiretur,
580 270 739 348 stupescat.
764 261 864 346 Quid?
888 262 941 328 ille
963 264 1053 327 aiter:

105 378 186 457 ecto
201 390 307 463 petoni
325 379 488 462 praesidi?

60 551 148 617 quam
169 532 291 610 leniter,
314 552 408 618 quam
430 533 567 612 remisse,
590 554 683 619 quam
700 554 762 600 non
778 537 913 601 actuose!
936 533 1028 600 instat
1043 534 1127 601 enim

101 647 244 732 Opotem
268 649 421 732 enutrio,
444 670 462 713 o
483 648 613 714 Priami
636 650 764 715 domos!

55 792 85 858 in
109 813 171 879 quo
193 802 277 858 tanta
299 793 486 860 commoveri
508 794 584 860 actio
607 815 670 860 non
685 805 795 881 posset,
812 795 836 859 si
853 805 930 860 esset
949 805 1128 881 consumpta

53 895 214 982 superiore
234 906 320 962 motu
343 905 374 962 et
396 896 552 963 exhausta.
576 896 679 983 Neque
698 897 729 962 id
745 908 860 963 actores
881 898 969 983 prius
982 897 1128 964 viderunt

53 1018 148 1084 quam
160 995 218 1084 ipsi
229 1010 347 1084 poetae,
364 1019 458 1084 quam
472 999 605 1084 denique
621 999 666 1064 iiii
682 1000 783 1078 etiam,
797 1001 849 1086 qui
862 1001 999 1067 fecerunt
1010 999 1126 1076 modos,
1211 1029 1213 1031 >

51 1100 202 1186 aquibus
223 1100 362 1187 utrisque
385 1101 575 1168 submittitur
597 1101 727 1188 aliquid,
751 1103 862 1168 deinde
884 1115 1025 1191 augetur,
1048 1113 1128 1168 exte-

52 1213 178 1279 nuatur,
209 1203 346 1281 inflatur,
370 1203 516 1282 variatur,
548 1204 754 1290 distinguitur.
800 1205 842 1270 lta
865 1206 903 1270 sit
925 1207 1013 1271 nobis
1035 1206 1127 1292 igitur
1153 1213 1204 1269 103

50 1315 181 1371 ornatus
202 1316 233 1373 et
255 1308 357 1372 suavis
380 1318 482 1373 orator
504 1346 546 1354 —
569 1327 625 1372 nec
646 1317 749 1374 tamen
772 1318 870 1394 potest
886 1309 974 1374 aliter
995 1329 1059 1373 esse
1076 1348 1127 1385 —,

52 1419 86 1474 nt
109 1408 292 1474 suavitatem
315 1408 426 1475 haheat
448 1421 601 1475 austeram
617 1421 646 1474 et
665 1409 803 1485 solidam,
823 1429 885 1473 non
901 1409 1021 1474 dulcem
1037 1421 1127 1494 atque

52 1512 215 1577 decoctam.
246 1510 322 1575 Nam
345 1509 413 1597 ipsa
440 1511 478 1576 ad
504 1511 679 1578 ornandum
705 1522 880 1598 praecepta,
904 1532 982 1595 quae
1004 1511 1127 1589 dantur,

52 1613 225 1680 eiusmodi
253 1622 335 1690 sunt,
362 1623 397 1679 ut
423 1635 458 1680 ea
488 1614 589 1699 quiris
610 1613 822 1680 vitiosissimus
844 1624 947 1678 orator
976 1614 1128 1699 explicare

54 1714 158 1801 possit.
183 1715 295 1799 Quare,
317 1726 352 1781 ut
374 1726 445 1782 ante
467 1717 541 1793 dixi,
560 1715 698 1802 primum
720 1716 796 1781 silva
819 1736 924 1782 rerum
942 1719 989 1800 [ac
1009 1726 1129 1782 senten-

56 1817 182 1904 tiarum]
205 1818 411 1904 comparanda
433 1830 487 1896 est,
507 1840 566 1904 qua
594 1818 632 1885 de
661 1830 747 1904 parte
770 1820 847 1884 dixit
873 1819 1028 1886 Antonius.
1052 1820 1129 1886 ilaec

56 1921 215 1986 formanda
237 1920 291 1986 filo
313 1920 379 2007 ipso
407 1931 437 1986 et
458 1941 570 2007 genere
594 1921 754 1998 orationis,
781 1922 985 1988 illuminanda
1009 1924 1127 2000 verbis,

57 2023 202 2089 varianda
224 2023 394 2090 sententiis.

97 2126 223 2192 Summa
235 2135 338 2191 autem
350 2127 417 2191 laus
432 2127 623 2210 eloquentiae
639 2137 684 2191 est
699 2126 887 2211 amplificare
901 2147 966 2192 rem
978 2127 1126 2203 ornando,
1155 2129 1204 2183 104

56 2228 134 2313 quod
157 2230 239 2294 vaiet
268 2247 331 2293 non
360 2230 459 2293 solum
484 2228 523 2293 ad
550 2227 724 2315 augendum
752 2229 869 2313 aliquid
895 2240 926 2293 et
955 2228 1127 2294 tollendum
1217 2250 1220 2255 ’

55 2331 144 2396 attius
159 2329 298 2408 dicende,
313 2329 371 2396 'sed
394 2330 486 2395 etiam
502 2331 540 2395 ad
562 2331 793 2396 extenuandum
815 2340 906 2415 atque
922 2329 1126 2396 abiciendum.

52 2620 146 2672 quanto
163 2616 181 2661 il
195 2604 221 2660 2⁰
234 2627 306 2660 verso
321 2613 342 2659 si
357 2613 551 2667 ricongiungera
570 2613 715 2664 all’ezione).
729 2637 755 2645 -
772 2613 853 2668 Quid
868 2617 1014 2669 petam...
1034 2616 1127 2669 Queste

52 2693 124 2743 parte
140 2686 166 2731 di
178 2698 252 2731 verso
266 2698 280 2730 e
294 2684 312 2730 il
327 2688 445 2737 seguente
461 2697 504 2728 son
514 2698 576 2737 pure
587 2684 612 2728 di
622 2697 671 2727 unu
681 2684 795 2737 tragedia
805 2683 828 2727 di
840 2684 926 2739 Ennio,
940 2684 984 2729 che
995 2699 1074 2730 evera
1082 2700 1129 2740 per

51 2758 123 2803 titolo
144 2756 336 2802 Andromacha
355 2754 543 2800 Aechmalotie.
564 2755 584 2798 Il
606 2755 680 2807 luogo
702 2755 780 2799 intere
795 2754 808 2798 e
824 2755 888 2800 nelle
908 2754 983 2800 Tuae.
997 2757 1071 2812 disp,
1085 2757 1129 2813 111,

53 2832 85 2884 19,
99 2831 133 2874 44.
151 2826 244 2872 Iversi
262 2816 323 2871 'sono
342 2825 480 2869 tetrametri
499 2826 592 2870 cretici.
606 2848 632 2856 -
656 2826 806 2880 praesidi
828 2839 873 2880 ρει
884 2827 1045 2882 praecidite
1064 2831 1128 2874 retto

51 2899 95 2944 da:
111 2898 189 2954 Quid.
202 2920 229 2928 -
247 2909 309 2942 noct
326 2896 474 2940 actuose!
492 2909 538 2940 con
558 2895 675 2942 sobrietd.
694 2896 807 2941 Aetuoee
829 2896 841 2940 d
863 2897 880 2940 il
904 2900 1080 2952 contrepposto
1105 2899 1129 2943 di

50 2970 169 3015 remisse.
184 2992 210 2998 -
224 2967 331 3012 instat
345 2984 371 3001 =
385 2965 487 3010 ineeiza.
507 2990 533 2997 —
548 2980 657 3021 quam.
669 3001 692 3013 ..
715 2979 808 3020 quam
829 2966 969 3020 dipendono
989 2966 1021 3011 de
1042 2970 1130 3022 pri-uo.

52 3041 117 3088 Note
127 3039 305 3085 l'asindeto.-
315 3038 468 3093 fecerunt
486 3039 593 3083 modos
609 3056 634 3073 =
649 3050 793 3090 composero
809 3036 833 3080 ln
843 3036 944 3080 musico.
958 3039 1099 3083 -eccbmi
1105 3044 1130 3083 t·

51 3114 138 3157 titur
157 3128 184 3147 =
199 3109 219 3154 si
241 3108 368 3154 comineie
389 3107 571 3161 placidamcnte
587 3122 600 3152 e
616 3107 697 3151 basso.

119 3212 192 3256 1⁰8.
207 3209 296 3257 Ita...
310 3211 345 3254 cci
360 3207 380 3252 si
395 3207 596 3262 corrispondono.
610 3230 636 3238 -
651 3207 786 3260 cimicem,
801 3205 826 3249 in
841 3217 913 3250 senso
928 3204 1030 3250 cattiro:
1041 3205 1131 3252 sdoici·

52 3286 124 3335 natac
144 3282 319 3331 decoctam,
334 3280 460 3331 strecotte,
479 3277 532 3322 cioie
547 3278 652 3330 monita,
668 3276 750 3330 stacta,
769 3275 831 3319 totta
851 3275 875 3318 le
889 3273 1011 3318 metuiore.
1026 3275 1066 3319 dei
1081 3277 1130 3321 cibi

51 3359 145 3405 troppo
159 3349 227 3395 cotti.
239 3371 267 3383 ·-
288 3348 396 3404 quieta
416 3348 668 3400 vitiosissimus,
688 3345 784 3390 traduci
797 3344 878 3389 dando
894 3358 908 3387 a
923 3345 1008 3398 quiuis
1023 3345 1039 3388 il
1056 3347 1131 3399 signi·

51 3422 128 3466 ficato
145 3419 280 3473 originario
295 3418 402 3464 secondo
417 3419 442 3462 le
456 3433 501 3463 sue
516 3417 704 3472 composicione.
716 3415 779 3460 Vedi
789 3414 931 3468 poizBreoi
944 3418 1004 3460 note
1018 3417 1131 3462 eritiolre.

52 3514 80 3523 -
94 3490 182 3535 silvo
200 3501 315 3543 rerum,
329 3488 372 3533 cir.
388 3493 397 3539 t
412 3491 446 3533 93.
468 3513 493 3521 -
510 3489 688 3542 formando
704 3504 730 3523 =
749 3499 793 3530 son
808 3484 840 3530 da
861 3485 982 3539 foggiare,
996 3498 1009 3531 e
1025 3486 1056 3530 do
1071 3486 1131 3533 dare

54 3562 108 3606 loro
123 3559 202 3606 forme
216 3573 230 3605 e
244 3559 337 3605 ordine.
351 3583 378 3591 -
394 3561 470 3615 silo,
483 3573 528 3613 per
543 3559 663 3603 metatore
682 3557 744 3602 totta
759 3555 798 3600 dal
814 3555 881 3601 fileto
901 3569 929 3600 or
950 3556 998 3616 tino
1013 3570 1026 3602 e
1041 3558 1132 3614 sottile,

55 3644 83 3675 or
97 3631 243 3684 grossetano
258 3642 271 3674 e
285 3641 365 3683 rocco,
384 3630 453 3674 vale:
474 3629 585 3674 muniere
603 3629 627 3672 di
642 3631 757 3680 trattare,
773 3639 841 3671 come
856 3625 888 3680 11,
901 3627 940 3670 93:
955 3632 1034 3673 crant
1048 3629 1131 3683 paulo

55 3701 175 3746 uberiore
185 3700 242 3757 flio.

124 3814 194 3858 104.
208 3825 284 3866 rem,
298 3817 449 3867 argomento.
463 3837 490 3846 —
503 3814 684 3867 uouendum
698 3811 730 3856 hc
744 3824 789 3865 per
801 3812 978 3863 contrepposto
990 3815 1133 3857 extenuan-

57 3885 138 3939 dum
155 3898 170 3931 a
186 3884 332 3930 tollendum
345 3885 365 3930 si
381 3898 480 3941 oppone
495 3885 673 3932 abiciendum.
