2526 4246
138 143 190 199 :tis
503 158 535 199 m.
553 159 657 199 romu
676 156 842 200 creareris

140 284 239 348 nequo
262 264 315 329 tibi
341 264 397 329 troc
418 283 475 349 pro
498 283 548 329 me
562 265 672 341 sciam,
688 263 742 329 sed
763 282 821 349 pro
837 262 888 328 his
909 264 1056 331 omnibus
1069 263 1182 329 sinenda
1222 296 1241 333 .·

62 382 113 435 tati
138 365 328 432 dubitatione
356 365 533 451 respondeo.
583 364 641 451 Ego
670 385 762 443 vero,
791 364 894 452 inquit
922 367 1084 444 Antonius,
1104 363 1183 430 interi
1230 410 1235 415 -

140 470 216 545 ianr,
240 490 331 553 quern
356 488 499 557 negaram
521 469 554 533 in
576 488 630 545 eo,
653 488 747 553 quem
772 468 898 554 scripsi,
922 469 1029 535 libello
1054 489 1100 535 me
1123 469 1184 532 inre

140 572 220 636 nisse
247 573 451 657 eloquentem.
480 570 540 637 Sed
566 580 657 636 ec'te
680 590 720 636 ne
742 570 888 637 laudandi
912 571 1040 657 quidem
1060 592 1138 638 caasa
1155 570 1187 635 in·

140 675 310 759 torpetiari,
335 695 373 740 ne
395 674 529 760 quidde
552 673 608 739 hoc
629 683 693 738 tam
715 673 824 760 exiguo
847 676 1002 740 sermonis
1017 675 1060 741 tui
1076 685 1187 759 tempore
1233 718 1237 725 ·

63 792 113 847 too
139 778 233 841 terlio
255 797 317 843 unc
344 799 412 843 meo
435 777 673 843 deminueretar.
720 776 802 843 lianc
823 776 933 863 igitur,
958 776 1081 844 Crassus
1100 776 1189 862 inquit,

139 880 177 943 ad
207 882 305 965 tegam
331 900 401 946 conr
429 878 644 946 exercitatione
670 888 737 944 tum
764 880 851 956 stilo,
875 879 929 964 qui
958 891 989 946 et
1015 880 1073 945 alia
1098 889 1125 945 et
1148 878 1190 943 hoc

140 983 272 1047 inarime
299 996 447 1049 ornatae
475 982 578 1058 limat,
602 980 762 1047 formanda
789 980 879 1047 nohis
906 983 1005 1048 oratio
1031 993 1083 1049 est.
1109 980 1192 1066 Neque

141 1096 241 1148 tauron
267 1085 321 1149 troc
345 1086 419 1149 tanti
448 1084 560 1150 laboris
582 1095 643 1162 est,
666 1083 773 1170 quanti
797 1083 942 1164 videtar3
971 1105 1028 1151 nec
1048 1094 1116 1151 sunt
1135 1084 1194 1148 haec

141 1185 383 1271 drytlunicorom
401 1196 452 1252 aut
468 1187 653 1253 musicorum
673 1185 821 1252 acerrima
836 1204 948 1251 norma
964 1185 1133 1274 dirigenda:
1147 1184 1195 1251 effi·

139 1288 282 1354 ciendum
304 1300 349 1354 ost
371 1289 449 1355 illud
471 1288 562 1354 modc
589 1289 691 1366 nobis,
715 1308 754 1354 ne
777 1288 852 1354 duat
878 1289 994 1367 oratio,
1019 1309 1058 1354 ne
1079 1296 1196 1375 rogetur,

142 1410 180 1456 ne
195 1391 312 1455 insistat
336 1391 474 1469 interius,
498 1411 538 1456 ne
560 1400 701 1456 excurrat
723 1388 860 1476 longius3
883 1399 919 1456 ut
940 1390 1090 1456 membris
1111 1389 1198 1455 distin·

140 1504 269 1577 quartur,
304 1505 337 1559 ut
369 1493 582 1559 consensiones
616 1493 727 1559 habeat
760 1493 923 1558 absolutas.
959 1492 1064 1579 Neque
1095 1510 1200 1578 semper

142 1597 290 1662 utendum
312 1605 357 1663 cst
378 1596 581 1682 perpetuitate
600 1606 630 1661 et
645 1596 730 1682 quasi
753 1595 955 1661 conversione
969 1596 1144 1673 verborum,
1159 1592 1200 1660 sed

141 1720 230 1784 saepe
252 1698 404 1783 carpenda
428 1699 574 1764 meminis
596 1698 814 1765 minutioribus
830 1698 929 1764 oratio
947 1710 1002 1777 est,
1019 1719 1098 1785 quae
1112 1709 1200 1764 tamen

66 1810 112 1862 tet
143 1802 205 1885 ipsa
228 1801 367 1865 merulua
390 1812 461 1867 sunt
484 1801 621 1868 numeris
641 1801 811 1866 vincienda.
856 1799 962 1887 Neque
977 1822 1033 1867 vos
1052 1822 1147 1887 paeon
1161 1808 1202 1865 aut
1238 1810 1241 1833 ²

142 1905 253 1968 herous
276 1904 328 1968 ille
350 1904 518 1970 conturbet.
546 1903 604 1989 lpsi
627 1913 787 1969 occurrent
808 1903 962 1983 crationi;
986 1904 1055 1990 ipsi,
1079 1904 1202 1989 inquam,

142 2026 173 2071 se
195 2006 325 2071 offerent
346 2015 376 2071 et
399 2007 628 2092 respondebunt
647 2027 709 2072 non
724 2006 830 2072 vocati.
847 2005 1044 2073 Consuetudo
1058 2006 1147 2073 modo
1160 2006 1203 2070 tta

142 2110 181 2175 sit
209 2108 359 2174 scribendi
390 2119 481 2195 atque
507 2108 644 2186 dicendi,
671 2119 705 2175 ut
734 2108 904 2175 sententiae
933 2109 1039 2175 verbis
1068 2110 1204 2176 finiantur

142 2234 310 2299 coramque
332 2213 498 2278 verborum
522 2213 634 2278 iunctio
656 2223 798 2279 nascatur
818 2233 836 2277 a
857 2213 1156 2298 procerisnumeris
1176 2230 1204 2275 ac

209 2389 279 2432 18⁰.
294 2388 406 2432 inveni
422 2387 508 2431 iam...
516 2384 609 2430 Ordine
623 2384 689 2429 cosi:
703 2385 792 2429 moeni
800 2384 857 2429 iam
865 2388 945 2437 (eum)
961 2385 1131 2440 eloquentem,
1140 2395 1204 2440 qoem

142 2472 184 2503 me
197 2460 325 2504 invenisse
340 2471 467 2513 coeperam
476 2459 504 2502 ire
519 2470 546 2501 eo
562 2456 649 2501 libello
661 2469 738 2510 quem
748 2456 851 2510 scripsi.
860 2454 922 2501 Iam
932 2456 977 2510 qui
986 2456 1043 2502 vale
1052 2456 1207 2505 :finalmente3

144 2532 211 2574 tanto
226 2529 239 2574 ὸ
253 2543 312 2574 vero
327 2529 371 2573 che
386 2528 410 2573 le
419 2529 520 2580 volgato
530 2527 602 2581 legge
612 2527 727 2581 tandem,
742 2525 766 2570 in
782 2525 879 2570 cambio
893 2524 919 2570 di
933 2527 1206 2574 ιἰιηι.-16...161616

142 2600 266 2653 pellaei
285 2618 310 2636 =
329 2600 348 2644 tt
361 2599 421 2644 volti
443 2599 629 2651 interrompere.
644 2620 670 2627 -
694 2597 787 2642 verbo
810 2608 872 2641 reno
894 2609 968 2641 meo.
983 2597 1113 2652 aggtungi
1127 2598 1151 2643 in
1163 2595 1207 2640 irat.

144 2670 233 2723 anche,
246 2669 451 2723 premettendclo.

210 2757 281 2800 1110.
296 2756 419 2803 Hono...
439 2758 475 2801 ad
494 2757 605 2812 lepem.
625 2755 736 2800 Secondc
759 2760 847 2810 questo
869 2753 985 2810 mcdcllc,
1008 2770 1022 2801 6
1045 2757 1095 2812 dip.
1115 2757 1145 2802 de
1163 2756 1207 2810 ter·

143 2826 282 2872 mondo...
293 2828 650 2873 est.-eecercitatiorre...
662 2827 758 2881 stilo;
772 2825 875 2872 eseroizi
889 2840 905 2870 a
918 2839 1019 2874 voce...
1031 2827 1134 2873 esercizi
1152 2824 1206 2871 dedo

144 2894 259 2939 scrivere.
276 2918 302 2925 -
322 2896 428 2950 lineat,
448 2896 474 2939 in
488 2910 560 2941 senso
575 2897 678 2942 trasleto
692 2896 759 2941 vele:
774 2896 861 2941 reffine
874 2895 892 2940 it
906 2896 1001 2942 lavoro.
1020 2920 1047 2929 -
1065 2894 1208 2954 rhptltmt'·

144 2979 257 3011 cortem.
271 2966 381 3011 Socanda
393 2966 409 3011 il
419 2966 497 3021 Fore,
507 2968 650 3023 rlrptlrmici
659 2968 792 3022 dicontur,
802 2968 849 3022 qui
858 2967 959 3012 curiose
969 2980 1114 3014 noscerem
1123 2970 1150 3013 m
1159 2978 1206 3012 orc-

145 3037 213 3083 tr'one
226 3041 451 3084 consectantem-
466 3040 629 3083 acerrimo
643 3051 756 3083 norma
770 3036 856 3093 (anche
868 3038 904 3083 ad
913 3038 1078 3084 acerrimam
1087 3048 1205 3089 normam,

144 3122 213 3153 ccmo
230 3110 308 3155 Hanc
324 3111 360 3154 ad
376 3108 472 3164 leuem),
489 3109 595 3154 secondo
612 3123 661 3153 une
680 3122 766 3154 norme
781 3108 833 3154 cosi
848 3107 965 3161 rigida...
984 3132 1011 3141 -
1025 3123 1064 3155 rte
1082 3108 1207 3156 insistat

145 3181 285 3226 interires
305 3199 330 3217 =
350 3181 394 3225 cho
411 3194 459 3225 ncn
479 3180 588 3225 s'orresti
606 3184 695 3234 troppo
711 3184 804 3234 presto,
817 3179 870 3224 eioe
884 3179 965 3233 prima
980 3179 1026 3225 cho
1041 3181 1060 3225 it
1079 3180 1178 3236 periodo
1193 3174 1209 3220 61

145 3251 521 3297 chiudoccnvenevcirnonte.-
535 3252 763 3296 conversiones
778 3251 900 3297 habeat
915 3251 1097 3298 absolutas
1112 3248 1210 3297 :abbio

146 3321 154 3365 i
169 3324 222 3367 suoi
236 3323 292 3376 giri.
307 3323 330 3368 ie
346 3338 389 3368 sue
408 3323 500 3367 vottato
514 3322 562 3367 ben
577 3322 707 3377 oonrpiute.
723 3345 749 3353 —
768 3322 934 3378 carpenda
953 3324 1107 3369 membris
1125 3324 1210 3368 enine·

146 3393 377 3440 rioribus...est
400 3412 425 3429 =
446 3393 525 3438 ruolsi
547 3406 663 3447 sponsore
684 3405 730 3437 con
752 3392 892 3438 menrbretti
909 3391 954 3446 pin
975 3392 1047 3438 corti.
1064 3393 1150 3450 Carpo
1164 3388 1210 3437 ruci

147 3462 210 3508 dire:
225 3465 292 3517 rotgo
307 3464 347 3509 ria
362 3479 377 3508 a
390 3475 556 3519 pocoopoco‚
566 3480 579 3507 e
590 3463 689 3517 quindi:
704 3463 797 3518 divido,
812 3476 907 3518 spezzo.

213 3554 279 3598 1111.
295 3552 481 3604 coactor-oet,
498 3550 609 3595 ‹lovendc
625 3564 699 3595 avere
719 3550 736 3594 it
752 3551 868 3606 pensiero
883 3550 927 3596 fleo
943 3565 957 3595 n
971 3550 1093 3607 fermerii,
1107 3549 1212 3607 giacoiti:

147 3623 199 3675 ipsi
213 3626 348 3668 occurrent
363 3623 512 3668 orationi:
522 3621 545 3665 vi
560 3622 581 3666 si
596 3623 700 3667 forenna
716 3622 764 3666 essi
780 3621 877 3667 innanzi
888 3621 913 3666 di
926 3634 973 3676 per
988 3622 1015 3667 se
1029 3624 1071 3668 nei
1087 3636 1158 3669 corso
1171 3620 1214 3665 dd·

148 3692 284 3737 i'orozione.
298 3716 322 3724 -
336 3692 581 3747 respondebunt
599 3707 661 3738 nore
679 3694 801 3739 vocati.
815 3693 889 3738 Come
903 3693 1119 3748 responderenno
1133 3706 1159 3740 se
1173 3704 1213 3739 non

147 3774 207 3806 sono
221 3763 287 3806 stati
300 3764 428 3807 chromati
437 3763 449 3806 1
458 3762 534 3805 Forso
549 3763 573 3807 lo
583 3763 700 3808 diffiocttd
711 3764 731 3808 si
743 3764 809 3810 evito
821 3762 927 3808 (londos
941 3762 1101 3818 respondere
1115 3766 1133 3810 il
1148 3762 1214 3819 signi·

144 3834 219 3879 doeio
239 3831 275 3878 di:
288 3834 365 3889 sarsi
381 3835 479 3880 sentire
497 3844 512 3877 ο
533 3832 558 3877 di
579 3835 734 3889 consparire.
748 3858 775 3865 -
792 3834 904 3879 verbis
919 3834 1066 3888 finiente
1073 3848 1095 3881 r.
1114 3837 1135 3881 1t
1154 3836 1213 3881 Cimo

132 3906 289 3963 interpetro:
300 3907 422 3956 citiuderc
437 3907 455 3955 il
469 3905 590 3965 pensiero
604 3905 632 3951 iu
644 3904 745 3961 periodi
757 3905 938 3949 ritmieumente
946 3904 1106 3955 compium-
1115 3920 1133 3951 e
1147 3918 1213 3961 pre·

224 4148 255 4174 A
