2526 4246
140 149 175 203 86
509 162 543 200 33.
564 161 669 201 runnu
689 160 852 203 3333303333

143 266 217 333 lime
232 287 285 333 vos
300 266 338 332 ad
353 287 398 345 33,
414 286 492 352 quae
506 266 623 352 cupitis,
636 276 839 352 perventuros
854 267 893 333 ab
905 268 962 333 hoc
972 266 1056 332 aditu
1068 266 1211 352 3333333333
1250 246 1253 261 ’

67 385 117 439 205
141 369 297 456 patefacta.
337 369 428 435 Nobis
439 390 521 446 vero,
533 369 632 454 inquit
644 369 805 456 Sulpicius,
814 369 870 435 ista
878 378 1095 457 suntpergraca
1103 388 1211 456 perque
1251 420 1253 427 .

143 473 288 553 iucunda;
312 472 364 538 sed
387 492 482 558 pauca
503 472 595 537 etiam
618 472 812 558 requirimus,
836 472 868 537 in
882 471 1051 558 primisque
1073 492 1119 549 33,
1142 490 1211 558 quae

144 576 233 642 valde
255 575 390 641 breviter
411 597 428 641 a
451 585 490 652 te,
514 573 628 651 Crasse,
651 574 690 639 de
712 574 777 661 ipsa
800 584 866 641 arte
887 594 1029 661 percursa
1048 584 1128 653 sunt,
1151 593 1211 647 cum

144 680 242 745 illato
257 688 287 744 33
308 698 369 744 non
391 688 583 743 contemnere
605 688 635 743 et
658 676 796 743 didicisse
817 677 1005 744 confiterere.
1030 677 1070 743 Ea
1088 677 1113 743 si
1130 678 1212 764 paulo

144 782 235 847 latius
255 781 378 858 dixeris,
402 781 535 866 expleris
563 800 685 845 omnem
712 780 965 866 exspectationem
987 780 1125 847 diuturni
1146 779 1212 846 desi-

146 884 223 950 derii
244 884 348 949 nostri.
372 883 446 948 Nam
469 903 550 949 nunc
571 883 682 968 quibus
705 883 888 949 studendum
910 883 1002 949 rebus
1028 893 1124 962 esset,
1144 903 1212 949 3333
1251 866 1253 933 ἷ

146 988 257 1073 pimus,
277 986 357 1071 quod
381 987 481 1072 ipsum
497 995 658 1052 esttamen
673 1006 832 1072 magnum3
848 985 901 1051 sed
916 986 981 1051 vias
995 1005 1103 1052 earum
1118 1004 1212 1052 rerum
1251 974 1253 979 ’

71 1105 122 1159 206
147 1089 356 1174 rationemque
378 1088 517 1174 cupimus
542 1108 727 1174 cognoscere.
781 1088 881 1172 Quid?
909 1088 943 1166 si,
967 1089 1068 1174 inquit
1089 1087 1211 1164 Crassus,
1250 1172 1253 1179 1

148 1193 292 1278 quoniam
307 1212 371 1278 ego,
388 1211 448 1276 quo
462 1190 579 1257 facilius
594 1212 648 1256 vos
662 1191 743 1277 apud
760 1212 810 1257 me
825 1202 970 1267 tenerem,
989 1202 1109 1257 vestrae
1123 1192 1213 1279 potins
1251 1226 1253 1285 2

148 1296 306 1361 obsecutus
328 1315 395 1360 sum
417 1295 574 1372 voluntati,
600 1314 691 1379 quam
714 1304 766 1360 aut
787 1294 995 1361 consuetudini
1016 1304 1071 1360 aut
1097 1305 1212 1361 naturae
1251 1310 1253 1315 ·

148 1418 244 1475 meae,
267 1398 399 1484 petimus
421 1397 460 1463 ab
482 1398 618 1474 Antonio,
643 1407 677 1463 ut
699 1418 743 1474 33,
769 1417 847 1482 quae
864 1397 996 1463 continet
1009 1417 1111 1484 neque
1125 1397 1213 1464 adhuc
1248 1398 1253 1471 ,i

150 1501 285 1588 protulit,
309 1522 346 1566 ex
369 1501 480 1586 quibus
495 1520 592 1566 unum
608 1500 747 1565 libellum
763 1500 820 1565 sibi
836 1499 981 1566 excidisse
1001 1499 1091 1587 [iam]
1107 1501 1211 1567 dudum
1251 1490 1253 1501 '

54 1596 57 1601 ’
150 1614 273 1690 questus
295 1615 349 1681 est,
373 1604 501 1689 explicet
524 1603 611 1668 nobis
633 1613 662 1667 et
685 1603 736 1667 illa
761 1602 879 1668 dicendi
901 1603 1046 1688 mysteria
1068 1603 1212 1671 enuntiet?

151 1707 187 1773 Ut
199 1707 329 1783 videtur,
345 1706 444 1790 inquit
466 1706 632 1791 Sulpicius;
656 1726 737 1784 nam,
754 1706 881 1771 Antonio
896 1705 1023 1781 dicente,
1043 1706 1136 1772 etiam
1151 1702 1212 1793 quid

74 1824 124 1877 207
150 1819 184 1876 tu
207 1810 371 1895 intellegas,
400 1809 572 1874 sentiemus.
625 1809 696 1874 Peto
723 1809 824 1896 igitur,
852 1809 950 1894 inquit
977 1806 1111 1888 Crassus,
1140 1831 1156 1874 a
1180 1819 1211 1883 tc,

152 1912 295 1996 quoniam
310 1910 341 1974 id
356 1911 452 1987 nobie,
465 1911 583 1989 Antoni,
597 1911 772 1977 hominibus
784 1911 815 1976 id
827 1912 932 1976 aetatis
943 1911 1044 1977 oneris
1059 1912 1098 1977 ab
1114 1913 1211 1978 borum

152 2014 333 2080 adulescent
313 2024 439 2080 ttrum
413 2014 542 2079 studiis
535 2015 710 2102 imponitur,
728 2025 761 2080 ut
782 2035 915 2101 exponas
930 2014 1003 2099 quid
1018 2014 1056 2080 iis
1071 2014 1212 2086 derebus,

154 2138 228 2202 quas
250 2127 319 2183 a
341 2117 445 2202 quaeri
468 2116 562 2195 vides,
586 2118 704 2182 sentias.

198 2221 364 2287 xrivllr
380 2220 769 2336 Deprehensumequidem
781 2240 840 2296 me,
853 2219 953 2305 inquit
964 2220 1124 2298 Antonius,
1134 2221 1214 2307 plane

154 2325 243 2391 video
265 2334 355 2411 atque
377 2325 489 2402 sentio,
513 2345 574 2390 non
602 2326 701 2390 solum
724 2322 804 2409 quod
832 2343 868 2389 33
898 2323 1101 2409 requiruntur
1122 2343 1141 2388 a
1162 2339 1214 2393 me,
1250 2342 1253 2413 3

154 2449 285 2515 quorum
301 2449 366 2494 sum
392 2429 515 2514 ignarus
530 2438 621 2514 atque
636 2428 781 2504 insolens,
797 2427 849 2493 sed
872 2427 953 2513 quia,
976 2426 1059 2512 quod
1081 2426 1115 2492 in
1129 2422 1215 2493 causis

154 2531 244 2597 valde
266 2531 370 2616 fugere
391 2532 483 2606 soleo,
499 2550 539 2595 ne
560 2529 626 2606 tibi,
648 2528 763 2607 Crasse,
779 2529 945 2607 succedam,
960 2529 992 2594 id
1007 2549 1059 2595 me
1080 2548 1161 2596 nunc
1173 2522 1215 2591 isti

78 2644 128 2698 208
154 2635 252 2700 vitare
274 2653 336 2698 non
359 2632 472 2697 sinunt.
518 2631 632 2697 Verum
650 2632 705 2698 hoo
728 2633 882 2719 ingrediar
903 2632 941 2698 ad
964 2652 1010 2710 33,
1031 2652 1110 2719 quae
1123 2628 1218 2699 vultis,

156 2736 306 2812 audacius,
330 2733 411 2819 quod
434 2732 514 2799 idem
542 2735 620 2799 mihi
642 2755 731 2820 spero
758 2757 815 2801 usu
841 2756 906 2802 esse
927 2744 1094 2802 venturum
1117 2735 1148 2800 in
1169 2732 1221 2797 hac

157 3004 202 3034 oon
221 2988 302 3034 alcuni
317 2988 404 3042 partic.
418 2987 487 3042 perf..
501 3002 569 3032 como
584 2988 662 3032 arrehe
677 3002 723 3033 con
745 2990 865 3042 auditus,
880 2990 1004 3043 counitus,
1018 3002 1068 3034 ecc.
1088 3012 1114 3019 -
1135 2986 1228 3032 aditu

157 3063 326 3116 3333333333.
341 3060 387 3113 Qui
402 3059 483 3104 Mucio
498 3059 684 3112 gorbctomento
695 3060 767 3112 volgo
778 3060 801 3104 in
813 3060 868 3104 lodo
880 3060 904 3104 di
915 3059 1004 3105 Crasso
1014 3064 1107 3113 quanto
1118 3048 1231 3108 33313209

158 3136 229 3187 quest
231 3132 238 3175 i
253 3145 331 3176 oveva
346 3131 413 3175 detto
428 3129 453 3173 di
469 3130 514 3174 lui·
529 3132 612 3175 ianua
628 3135 651 3174 et
666 3131 829 3176 uestibulum.

224 3217 299 3260 205.
313 3228 433 3270 perque
455 3215 636 3259 iocundam
651 3220 674 3259 ct
685 3216 860 3269 periucunda.
874 3215 938 3259 Nota
953 3228 1002 3270 quc
1016 3214 1230 3276 affissoallcnar‘

158 3287 241 3332 3333113
253 3277 279 3330 'di
294 3285 525 3339 composizione.-
540 3287 635 3332 3333..
645 3288 908 3340 ,33333333333333
924 3284 969 3339 Qui
984 3285 1007 3329 ν’
1014 3302 1028 3330 e
1043 3299 1093 3331 uno.
1106 3282 1183 3341 specie
1201 3266 1228 3317 (¹¹

158 3357 269 3403 endiadi:
282 3357 388 3401 metodo

224 3441 298 3485 206.
319 3441 461 3483 continet
481 3458 505 3474 =
525 3440 677 3484 33331ιί33313Ι
672 3455 695 3484 1n
711 3456 746 3488 se.
762 3454 774 3485 e
791 3454 836 3484 non
852 3440 884 3485 ho
899 3453 974 3485 unoor
989 3453 1069 3485 mesco
1083 3438 1145 3486 fuori
1156 3436 1228 3493 (W

158 3512 228 3564 tulit,
241 3511 350 3563 3333133).
371 3533 397 3541 -
418 3511 548 3563 dudum,
569 3510 622 3556 ciod
637 3512 676 3555 nol
698 3516 708 3561 3
727 3513 760 3555 94.
779 3511 875 3564 Quoiito
895 3512 918 3555 ol
939 3509 1013 3563 fatto,
1026 3511 1082 3555 vedi
1104 3514 1160 3557 noto
1173 3496 1228 3550 ⁰¹¹⁸

157 3582 245 3637 purola
260 3582 346 3625 libello
361 3580 400 3626 del
417 3586 577 3627 commentato
593 3588 602 3633 3
617 3586 650 3626 94.

225 3660 300 3703 207.
316 3661 423 3704 orrerr's
445 3660 550 3715 dipondo
568 3661 598 3705 dn
614 3663 649 3715 id,
663 3662 707 3706 cho
722 3661 829 3715 precede
844 3662 925 3706 333333.

199 3744 273 3797 (¹⁸1).
290 3744 441 3788 xlivln.
456 3744 697 3799 Reprehensum
712 3766 739 3778 -ιν
752 3760 826 3800 proso
837 3746 859 3790 31
871 3745 956 3789 luccio.
971 3768 994 3774 -
1010 3744 1152 3790 3333313333
1164 3732 1225 3791 (⁹¹⁰⁸

154 3815 253 3859 soloris)
268 3836 294 3849 -
308 3828 356 3860 non
370 3819 545 3860 cocostumcto.
559 3840 584 3846 -
599 3818 695 3863 tibi...
709 3818 877 3861 succedam
890 3832 917 3849 =
930 3815 995 3869 porli
1010 3816 1076 3871 dopo
1090 3814 1114 3860 di
1129 3818 1158 3857 33.

214 3904 291 3949 208.
319 3906 380 3954 hoc
403 3904 416 3953 ὲ
442 3904 554 3952 ablativo
579 3904 604 3950 di
633 3904 725 3951 irrisuro
751 3906 792 3949 dci
818 3908 935 3957 soguento
966 3904 1102 3949 audacius.
1132 3923 1156 3931 -
1192 3880 1223 3931 Ἰ
