2526 4246
224 147 267 187 nn
283 147 429 190 ouercam
447 150 509 190 nm,
528 151 563 199 11,
584 149 653 192 oar.
674 150 859 199 xxm-xxm,
881 150 970 201 cocao
1078 137 1128 190 151

57 251 202 330 accidere,
219 264 253 320 ut
267 273 364 321 unum
378 275 473 340 genus
487 266 565 322 esset
587 256 736 333 omnium,
753 256 811 320 nisi
835 255 969 340 aliquem
988 254 1043 318 sibi
1061 274 1128 340 pro

58 365 210 438 ponerent
230 354 269 420 ad
291 355 483 423 imitandum.
507 356 664 424 Consecuti
688 368 759 425 sunt
785 357 840 422 hos
866 357 990 433 Critias,
1017 355 1129 421 Thera-

59 475 179 535 menes,
202 457 312 542 Lysias.
336 458 429 525 Multa
451 460 556 546 Lysiae
579 461 690 546 scripta
714 471 797 538 sunt;
822 461 970 525 nonnulla
996 458 1126 536 Critiae3
1150 464 1165 483 '⁸

60 557 94 623 de
117 558 309 625 Theramene
331 561 480 628 audimus.
505 561 620 628 Omnes
643 563 734 629 etiam
757 573 822 628 tum
847 562 1019 627 retinebant
1038 561 1128 626 illum

60 658 164 727 Pericli
187 683 305 741 sucnm;
329 663 381 729 sed
403 675 492 729 erant
514 667 605 751 paulo
628 665 770 731 uberiore
799 664 859 730 filo.
906 665 976 730 Ecce
1006 664 1058 728 tibi
1083 673 1128 727 est
1154 674 1188 728 94

62 774 180 828 exortus
208 762 349 830 isocrates
380 765 536 852 [magister
563 767 690 832 istorum
713 766 876 852 omniuml,
900 766 984 830 cuius
1010 785 1027 829 e
1054 763 1126 829 ludo

63 874 213 950 tamquam
226 886 264 932 ex
278 886 356 952 equo
370 867 501 935 Troiano
515 871 592 934 meri
608 869 762 954 principes
778 870 935 946 exierunt;
952 867 1004 933 sed
1020 887 1126 932 eorum

65 959 225 1050 partimin
248 990 368 1056 pompa,
392 971 506 1056 partim
528 972 560 1035 in
583 973 646 1037 acie
669 972 802 1037 illustres
826 991 891 1036 esse
914 972 1087 1036 voluerunt.

100 1069 243 1137 ΧΧΙΙΙ.
267 1071 371 1156 litque,
394 1084 424 1139 et
446 1073 502 1150 illi,
525 1073 724 1161 Theopompi,
748 1074 871 1159 Ephori,
896 1073 1028 1148 Philisti,
1053 1071 1128 1137 Nau-

65 1183 154 1238 cratae
178 1175 328 1260 multique
342 1175 394 1240 alii
410 1177 528 1242 naturis
543 1177 703 1255 dillerunt;
721 1178 877 1242 voluntate
893 1187 995 1242 autem
1011 1175 1126 1240 similes

64 1287 178 1341 suntet
200 1277 282 1342 inter
303 1298 367 1344 sese
389 1289 419 1344 et
441 1279 594 1365 magistri;
618 1291 648 1344 et
672 1280 714 1356 hi,
731 1280 783 1365 qui
800 1300 832 1344 se
847 1279 885 1344 ad
901 1300 1004 1344 causas
1020 1289 1125 1343 corutu-

63 1376 167 1455 lerunt,
191 1389 226 1444 ut
247 1379 477 1459 Demosthenes,
501 1381 678 1468 Hyperides,
703 1382 863 1467 Lycurgus,
888 1382 1060 1456 Aeschines,
1077 1380 1127 1443 Di-

62 1481 187 1546 narcbus
209 1482 322 1568 aliique
344 1487 529 1569 complures,
557 1485 612 1549 etsi
637 1485 718 1549 inter
739 1505 772 1549 se
793 1504 883 1569 pares
907 1502 967 1547 non
992 1483 1125 1558 luerunt,

60 1592 155 1647 tamen
174 1603 281 1649 omnes
292 1596 362 1650 sunt
374 1586 406 1649 in
419 1585 526 1650 eodem
542 1585 679 1650 veritatis
694 1585 860 1650 imitandae
875 1604 988 1670 genere
1003 1584 1125 1659 versati,

57 1705 186 1769 quorum
209 1687 355 1770 quamdiu
378 1687 490 1753 mansit
515 1688 652 1764 imitatio,
669 1688 786 1753 tamdiu
801 1708 896 1774 genus
911 1687 988 1752 illud
1005 1685 1125 1750 dicendi

55 1787 251 1873 studiumque
276 1789 364 1855 vixit:
410 1799 618 1876 posteaquam,
649 1791 789 1856 extinctis
821 1791 865 1865 iis,
895 1790 994 1854 omnis
1017 1808 1124 1854 eorum
1153 1793 1187 1850 95

57 1891 203 1955 memoria
229 1891 342 1988 sensim
369 1892 526 1958 obscurata
549 1903 594 1957 est
616 1903 646 1957 et
668 1893 802 1969 evanuit,
827 1893 885 1957 alia
907 1892 1059 1977 quaedam
1082 1890 1124 1955 di-

53 2163 78 2168 -
91 2152 152 2193 pen
160 2152 209 2191 ne,
224 2143 280 2184 sott.
295 2141 432 2185 scribendi.
441 2164 468 2171 —
480 2139 613 2189 Oritias,
631 2142 727 2186 scolare
738 2141 762 2185 di
773 2141 880 2193 Socrate,
891 2155 939 2185 uno
952 2141 990 2184 dci
999 2143 1026 2184 30
1036 2140 1124 2184 tiranni

53 2209 116 2262 posti
133 2208 175 2253 dai
189 2209 353 2253 Lacedemoni
367 2211 392 2254 in
406 2211 494 2265 Ateus,
511 2211 575 2265 dopo
591 2210 635 2254 cho
650 2211 758 2256 l'ebbero
773 2215 895 2265 occupata
910 2211 948 2254 nel
963 2213 1009 2254 404.
1024 2211 1060 2253 Fu
1072 2209 1126 2253 arrtzi

51 2293 99 2324 uno
115 2279 184 2332 degli
198 2280 318 2332 eligarchi
333 2281 376 2333 pih
390 2281 488 2325 andaci-
503 2281 539 2326 Fu
561 2281 659 2334 nriglior
680 2292 809 2335 prosatore
824 2282 868 2326 che
885 2286 959 2334 poeta
981 2281 1083 2333 tragico.
1102 2279 1126 2322 si

50 2350 131 2396 hanno
147 2350 221 2404 pochi
236 2350 376 2396 frammenti
390 2351 455 2396 delle
477 2365 520 2396 sue
536 2365 618 2405 opere.
632 2377 658 2383 —
678 2352 902 2406 Theramenes,
916 2351 979 2395 altro
994 2351 1033 2394 dei
1057 2352 1084 2393 30
1098 2349 1127 2393 ti-

51 2423 169 2466 ranni-
184 2422 315 2476 Lusias,
336 2423 355 2475 I,
375 2424 422 2466 231.
438 2445 461 2454 -
477 2423 639 2468 nonnulla
662 2423 796 2468 Critiae.
811 2425 834 2467 Si
851 2424 882 2467 ha
904 2423 928 2466 di
950 2422 983 2466 lui
1008 2423 1024 2465 il
1046 2421 1125 2475 primo

49 2493 139 2538 ‹listico
156 2493 180 2536 di
195 2507 245 2536 una
259 2492 340 2544 elegia
354 2493 385 2537 ad
400 2493 537 2547 Alcibiade,
552 2493 632 2537 alcimi
649 2495 713 2538 versi
735 2495 801 2538 della
816 2493 929 2546 tragedia
944 2507 955 2537 ‹
971 2493 1044 2538 Sisila
1060 2503 1078 2542 ›,
1093 2506 1126 2536 nn

49 2564 199 2609 l'rammento
214 2563 333 2617 elegiaco,
346 2565 385 2608 nel
395 2565 471 2629 quale
487 2564 597 2608 descrive
613 2565 713 2609 levario
727 2565 866 2609 invenaioni
881 2565 918 2609 de’
928 2564 1041 2618 popoli‚e
1056 2562 1127 2617 qual·

50 2635 175 2680 cos'altro.
188 2659 216 2666 -
231 2635 266 2678 da
288 2634 484 2680 Theramene
505 2636 1063 2681 andimus=con0sciamoTerameneaolo
1082 2648 1127 2688 per

50 2705 124 2750 t'ama.
139 2728 165 2736 -
179 2705 427 2759 secem-vigore,
442 2705 508 2750 lorea
524 2706 548 2749 di
565 2706 679 2759 pensiero
695 2720 707 2750 e
726 2707 750 2750 di
766 2707 864 2751 stile-
871 2708 946 2762 fiio,
961 2706 974 2750 b
989 2707 1056 2752 detto
1066 2707 1127 2759 ligir-

50 2780 189 2820 retamenta
205 2775 272 2819 dello
293 2775 355 2820 stile.
376 2775 412 2820 Isth
433 2776 582 2820 metalorae
604 2778 664 2821 tolta
681 2778 747 2821 dalla
762 2778 819 2831 telo,
834 2778 872 2822 cui
892 2777 943 2830 pub
962 2778 1092 2822 convenire
1109 2777 1125 2819 il

50 2859 137 2899 aucas,
152 2846 177 2890 in
192 2848 293 2900 quanto,
308 2857 441 2901 spremum,
456 2847 519 2891 deva
534 2847 550 2890 il
566 2849 647 2891 colore
663 2849 712 2892 alla
728 2849 785 2893 lanu
800 2849 844 2893 che
860 2849 880 2893 si
895 2853 1000 2894 tessera.

118 2964 172 3008 94.
188 2963 260 3016 tibi,
282 2964 334 3008 dat.
355 2965 460 3008 etlricno.
475 2988 502 2995 -
523 2978 556 3008 eoo
583 2979 658 3019 equo
681 2965 822 3010 Troiano
843 2968 926 3010 neeri
944 2967 1126 3021 principes,

52 3030 104 3073 ciob
120 3031 173 3074 solo
188 3028 301 3084 primarii
315 3030 413 3084 oratori,
428 3043 496 3074 come
512 3031 551 3074 alal
567 3033 663 3076 cavallo
678 3033 783 3077 Troiano
800 3033 805 3076 i
822 3032 864 3086 pih
879 3031 951 3085 prodi
966 3031 1004 3076 fra
1023 3033 1030 3075 i
1046 3032 1126 3076 Greci.

53 3127 77 3135 —
88 3118 219 3159 pompa,
233 3104 286 3149 scil.
306 3105 474 3159 eloquentiae,
488 3104 541 3149 ciob
562 3107 602 3150 nol
624 3121 714 3160 genere
734 3107 902 3152 dimostrativo
918 3120 931 3150 o
947 3099 1124 3167 ἑπιδεικτικῷ,

54 3197 77 3204 -
94 3177 124 3218 in
139 3177 243 3219 acie==
253 3175 318 3220 nello
332 3182 431 3222 contere
447 3176 486 3221 dol
502 3177 563 3221 loro.

96 3289 170 3343 Gap.
195 3289 327 3334 xxm.
349 3314 375 3320 -
400 3290 603 3344 Theopompi,
626 3291 760 3346 Ephori,
788 3290 942 3340 Philisti·
963 3304 987 3332 v.
1010 3296 1019 3341 θ
1044 3295 1077 3336 57.
1101 3317 1126 3324 -

58 3358 254 3413 Naucratae,
274 3358 399 3414 disoepolo
415 3360 616 3406 d'Isoc1·ate.Cfr.
631 3362 675 3415 III,
693 3363 738 3405 173.
755 3385 780 3392 —
796 3361 962 3405 voluntate
972 3381 998 3394 ι-
1012 3362 1125 3408 nell'idoa

59 3427 79 3471 di
94 3430 214 3474 astencrsi
234 3428 299 3474 dalle
321 3443 396 3475 causo
419 3431 517 3475 forensi.
531 3457 556 3463 —
571 3433 814 3483 Demosthenes,
835 3446 856 3476 v.
878 3431 896 3481 Ι,
917 3434 951 3484 58,
971 3434 998 3476 88
1017 3447 1029 3477 c
1049 3436 1082 3477 89.
1100 3458 1127 3465 -

60 3497 87 3541 H
89 3502 251 3553 aparinen,
264 3514 285 3544 v.
296 3501 314 3552 1,
322 3503 356 3545 58.
365 3524 391 3531 -
404 3501 582 3557 chnrpna,
598 3503 664 3556 figlio
676 3504 699 3547 di
711 3503 846 3555 Licofronc,
856 3507 974 3547 coetaneo
983 3503 1007 3547 di
1021 3504 1127 3558 Iperide.

60 3568 171 3616 rl’illustre
187 3570 301 3623 famiglia
315 3571 431 3626 amnicae,
441 3573 502 3617 morl
516 3575 555 3618 nel
564 3576 610 3619 3⁶24.
620 3575 651 3619 lli
666 3575 700 3619 lui
713 3576 735 3618 oi
747 3574 759 3619 b
770 3575 870 3618 rimasta
881 3574 994 3618 un'unica
1004 3576 1125 3629 orazione,

62 3640 137 3691 quella
151 3648 238 3687 contro
253 3641 381 3686 Leocrate.
394 3643 617 3698 —Aeachineo,
636 3646 716 3690 annulo
732 3645 756 3689 di
778 3645 932 3699 Demostene,
947 3645 979 3689 du
999 3661 1047 3691 rron
1069 3661 1125 3692 oon-

61 3708 152 3757 t'ondere
168 3713 207 3758 col
223 3712 319 3757 filosolo
334 3713 459 3758 nominato
477 3716 561 3770 nell’I,
574 3720 606 3761 45.
622 3740 646 3747 -
661 3717 849 3761 Dinarchus
871 3729 967 3770 nanque
990 3731 1004 3761 a
1026 3717 1124 3763 Corinto

61 3792 122 3828 verso
137 3783 153 3828 il
168 3786 221 3837 3603
230 3783 256 3827 di
270 3783 304 3827 lui
315 3783 429 3828 abbiamo
444 3788 480 3828 tre
492 3787 543 3831 sole
560 3786 676 3831 oranioni.
686 3787 813 3831 Imitatore
824 3787 848 3830 di
858 3787 1011 3841 llernostene,
1022 3788 1047 3832 fu
1058 3788 1125 3834 detto

62 3851 225 3900 ‹Demostene
242 3853 325 3899 d’orzo
340 3865 359 3899 ›.
