2526 4246
183 157 239 201 'nu
258 159 402 202 oraronrr
419 161 481 202 xre.
501 163 522 211 1,
542 160 613 203 ona.
631 158 854 210 xxxxv-xxxv,
875 161 991 211 oisemo
1098 149 1133 202 69

56 267 116 331 lam
147 265 318 341 collocatis,
345 264 398 331 sed
417 265 472 337 ‘his
496 263 639 332 omnibus
661 266 766 332 multis
788 257 1018 352 magnificisque
1040 265 1160 331 rebus·

54 368 236 434 constructis
259 388 294 434 ac
316 367 489 433 impudicis:
505 369 546 434 sic
561 368 679 455 [modo]
696 369 727 433 in
743 369 880 434 oratione
896 367 992 433 Crassi
1009 366 1131 433 divitias

56 480 144 556 atque
172 480 357 537 ornamenta
383 471 449 536 cius
471 471 585 558 ingenii
608 492 665 558 per
687 461 845 557 quaedam
860 471 1017 539 involucra
1041 480 1132 556 atque

56 575 267 660 integumenta
289 575 441 661 perspexi,
464 574 516 641 sed
538 595 574 641 ea
595 575 795 661 contemplari
818 595 887 641 oum
909 594 1062 661 cuperem,
1080 573 1132 639 vix

57 675 244 761 adspiciendi
268 686 400 763 potestas
421 677 487 744 fuit.
511 676 614 763 ltaque
635 697 692 742 nec
719 678 776 742 hoo
802 697 926 763 possum
949 676 1058 752 dicere,
1082 695 1132 741 me

57 779 181 843 omnino
213 776 357 865 ignorare
383 780 456 865 quid
476 779 651 865 possideat,
680 800 781 865 neque
807 781 900 866 plane
927 799 1015 844 nosse
1041 788 1132 862 atque

59 880 178 946 vidisse.
226 879 310 965 Quin
334 890 366 947 tu
387 880 479 969 igitur
503 882 573 955 lacis
597 881 688 959 idern,
712 881 812 967 inquit
827 881 979 958 Scaevola,
996 879 1076 967 quod
1092 880 1132 945 la·
1159 889 1209 944 162

57 1004 149 1061 ceres,
165 984 191 1049 si
209 984 245 1049 in
260 983 395 1069 aliquam
409 980 536 1051 domum
550 987 675 1070 plenam
691 995 943 1050 ornamentorum
960 981 1132 1070 {villamve}

58 1087 205 1152 venisses:
229 1087 257 1150 si
279 1106 315 1151 ea
337 1074 485 1173 seposita,
505 1097 540 1154 ut
561 1086 649 1165 diois,
673 1097 787 1164 essent,
811 1096 857 1163 tu,
881 1087 932 1173 qui
956 1085 1045 1150 valde
1068 1105 1132 1172 spe-

55 1190 155 1255 ctandi
177 1189 310 1276 cupidus
332 1208 420 1268 esses,
444 1211 507 1257 non
529 1189 685 1257 dubitares
708 1211 814 1278 rogare
829 1189 999 1266 dominum,
1016 1198 1049 1254 ut
1063 1208 1132 1274 pro-

57 1292 129 1356 ferri
152 1293 288 1370 iuberet,
310 1292 491 1378 praesertim
521 1293 545 1357 si
573 1304 651 1358 esset
679 1280 851 1358 familiaris:
879 1290 1023 1356 similiter
1049 1311 1132 1357 nunc

57 1408 141 1480 petes
162 1418 179 1462 a
203 1394 322 1473 Crasso,
338 1405 372 1462 ut
387 1396 471 1461 illam
487 1396 604 1482 copiam
620 1408 872 1462 ornamentorum
887 1414 1022 1470 suorum,
1038 1415 1130 1479 quam

55 1509 259 1566 constructam
282 1519 344 1564 uno
366 1499 398 1563 in
421 1501 485 1565 loco
508 1499 593 1585 quasi
615 1520 672 1586 per
688 1509 886 1565 transennam
901 1507 1131 1582 praetereuntes

55 1601 180 1667 strictim
204 1601 411 1687 adspeximus,
434 1601 467 1667 in
490 1604 588 1669 lucem
604 1602 739 1687 proferat
754 1613 783 1666 et
798 1622 852 1668 suo
868 1599 1002 1686 quidque
1018 1600 1050 1665 in
1066 1601 1130 1667 loco

55 1707 186 1771 collocet.
233 1704 294 1791 Ego
316 1696 399 1783 vero,
423 1704 523 1793 inquit
545 1704 638 1782 Cotta,
662 1727 680 1770 a
703 1715 732 1770 te
755 1714 833 1789 peto,
851 1704 1006 1769 Scaevola:
1025 1741 1064 1748 -
1081 1723 1130 1769 me
1158 1708 1207 1760 163

57 1808 191 1874 enimet
214 1807 299 1873 hunc
320 1807 489 1892 Sulpicium
511 1807 638 1894 impedit
659 1807 759 1894 pudor
782 1807 820 1872 ab
844 1806 968 1872 homine
991 1805 1130 1872 omniurn

57 1910 245 1995 gravissimo,
269 1909 322 1995 qui
344 1929 440 1996 genus
462 1910 553 1977 huius
576 1911 658 1976 modi
682 1910 896 1995 disputationis
919 1928 1041 1995 semper
1063 1928 1130 1973 con·

61 2013 224 2098 tempserit,
235 2012 319 2090 haec,
332 2033 410 2098 quae
421 2013 470 2078 isti
482 2013 608 2079 forsitan
622 2033 788 2098 puerorum
796 2014 947 2107 elementa
958 2011 1129 2089 videantur,

61 2115 232 2199 exquirere:
248 2153 293 2162 -
307 2116 361 2180 sed
375 2126 408 2182 tu
424 2116 503 2183 hanc
520 2116 608 2182 nobis
632 2115 765 2193 veniam,
789 2115 941 2192 Scaevola,
964 2114 1002 2179 da
1018 2127 1048 2179 et
1062 2134 1129 2199 per-

64 2219 121 2292 lice,
143 2228 178 2283 ut
198 2217 326 2284 Crassus
349 2217 431 2296 baec,
454 2240 532 2305 quae
553 2219 699 2284 coartavit
717 2229 747 2283 et
764 2228 947 2304 peranguste
963 2217 1082 2282 rel'ersit
1098 2217 1128 2280 in

64 2320 193 2387 oratione
218 2342 289 2398 sua,
317 2319 423 2387 dilatet
449 2322 538 2386 nobis
565 2332 655 2407 atque
677 2321 816 2406 explicet.
861 2320 920 2407 Ego
943 2319 1127 2396 mehercule,
1157 2322 1205 2376 164

65 2419 156 2507 inquit
176 2423 300 2500 Mucius,
324 2433 413 2490 antea
435 2433 536 2490 vestra
559 2423 654 2510 magis
677 2423 733 2488 hoc
755 2444 843 2489 causa
863 2423 1012 2498 volebam,
1037 2441 1129 2507 quam

67 2543 134 2589 inea.
156 2525 259 2612 Neque
281 2526 363 2592 enim
389 2537 471 2592 tanto
493 2546 586 2612 opere
609 2527 726 2591 banca
753 2525 858 2591 Crasso
891 2524 1128 2610 disputationem

69 2624 276 2707 desiderabam,
301 2639 415 2714 quanto
437 2650 531 2716 opere
553 2629 617 2696 eius
641 2629 673 2693 in
695 2629 792 2695 causis
817 2629 954 2694 oratione
980 2627 1128 2705 delector;

72 2748 140 2795 nunc
153 2752 234 2810 vero,
247 2730 363 2809 Crasse,
380 2752 447 2799 mea
463 2753 584 2819 quoque
599 2743 629 2797 te
645 2732 706 2796 iam
722 2753 810 2797 causa
827 2752 907 2819 rogo,
923 2741 966 2808 ut,
983 2731 1131 2817 quoniam

75 2914 254 2960 rorrelructio
273 2914 315 2964 (dc
334 2928 393 2960 eam
413 2929 425 2960 e
444 2918 528 2965 struo)
547 2928 582 2959 ac
600 2916 780 2960 reconditio
794 2935 820 2948 ==
835 2913 1012 2959 ammucchiate
1026 2913 1128 2957 insieme

77 2976 214 3025 crinchiuse.
349 2975 350 2978 ¹

129 3063 192 3108 lon.
210 3064 293 3119 Quin
312 3067 345 3108 ta
363 3064 468 3118 iaitar
487 3064 595 3118 sacis...
608 3083 635 3096 ι-
649 3063 812 3115 Ebbene,che
827 3077 875 3107 non
891 3063 924 3107 fai
935 3065 962 3106 tu
976 3061 1129 3116 dunque...?

81 3121 143 3176 Quin
154 3129 192 3178 (da
202 3137 250 3186 qut
261 3132 303 3181 ne)
313 3129 345 3174 hc
359 3130 375 3173 il
391 3143 434 3175 suo
445 3142 504 3174 vero
514 3129 652 3182 significato
663 3129 762 3174 d'invito
773 3145 788 3174 a
798 3130 850 3174 fare
861 3143 875 3174 o
886 3143 934 3173 non
949 3129 1001 3173 lare
1011 3143 1060 3172 unc
1071 3141 1130 3172 cose

80 3190 127 3234 nolle
140 3194 333 3251 interrogantem,
348 3209 416 3241 come
432 3196 517 3250 qui—
530 3209 588 3250 per
602 3200 857 3243 transennam...
875 3196 1095 3249 adspeximus,
1116 3193 1129 3238 b

81 3256 134 3302 nodo
146 3261 300 3314 proverbiale
315 3266 386 3307 usato
401 3276 416 3307 a
430 3261 526 3307 indioar
542 3262 564 3304 le
579 3274 635 3305 cose
650 3262 713 3306 viste
723 3262 747 3305 di
758 3260 899 3314 passaggio,
909 3273 977 3304 corne
992 3263 1129 3303 accreverso

80 3320 150 3371 toloslo
159 3341 172 3373 o
181 3329 309 3374 intertiata
318 3342 332 3374 o
342 3329 388 3373 reti
399 3331 453 3373 tese
461 3328 559 3372 innanzi
575 3327 606 3371 ad
615 3340 676 3372 esse.
691 3329 727 3373 La
741 3328 861 3372 metatore
877 3326 889 3371 d
905 3326 966 3370 tolta
980 3325 1020 3370 <lui
1037 3338 1129 3369 meroa-

80 3381 181 3457 djttliche
189 3395 325 3449 coprivauo
333 3407 378 3439 oon
386 3394 540 3439 transennt'c
549 3394 570 3437 le
579 3393 652 3437 marci
662 3394 707 3438 che
715 3394 820 3438 volovan
827 3393 935 3437 vendero
945 3392 998 3436 solo
1007 3406 1021 3435 a
1029 3390 1067 3435 chi
1076 3392 1128 3435 loro

82 3459 175 3504 lucense.
183 3461 272 3507 Plauto
282 3475 327 3506 usa
338 3465 485 3506 transenna
496 3474 510 3504 c
520 3460 632 3504 dinotere
643 3474 692 3504 unc
702 3460 786 3514 speeie
797 3459 820 3503 di
832 3464 884 3504 retc
895 3463 966 3503 usctc
977 3459 1026 3503 alla
1037 3457 1128 3502 caecis.

131 3542 190 3589 163.
203 3545 310 3600 pudor
327 3543 340 3589 b
355 3545 379 3589 lc
394 3544 506 3589 modesta
521 3542 669 3587 verecondia
684 3544 728 3589 che
745 3543 856 3588 ritoneva
871 3544 918 3588 due
933 3542 1033 3595 giovani
1048 3548 1128 3586 costu-

83 3601 130 3656 muti,
140 3606 205 3654 Cotta
220 3624 233 3655 e
248 3605 394 3665 Sulpiciae
410 3609 427 3653 li
443 3608 531 3653 fuceva
550 3609 670 3652 ricorrerc
689 3609 713 3653 cl
733 3609 834 3654 vecchio
853 3609 962 3654 Scevola.
977 3632 1000 3638 -
1017 3619 1129 3662 puoro-

82 3671 133 3712 rum
152 3677 307 3722 elementa
331 3675 482 3731 rispondono
504 3676 553 3719 ulla
573 3679 667 3719 nostra:
684 3674 816 3720 istruzione
832 3678 988 3729 elementum,
1002 3674 1046 3718 ohe
1061 3674 1128 3718 Cice·

83 3738 125 3777 ‘⁰¹³0
137 3740 221 3789 ultrave
236 3746 266 3797 (2,
281 3746 301 3798 1,
317 3742 449 3793 ll‘cbiamc
464 3741 553 3786 unche:
567 3743 656 3795 prima
674 3742 787 3796 puerilis
805 3743 941 3788 institutio.

45 3868 47 3873 .
131 3823 191 3873 1⁸4.
212 3828 246 3872 in
269 3827 380 3872 canois
406 3825 557 3870 oratione
577 3845 604 3858 ==
625 3825 723 3877 quando
748 3837 839 3876 perora
863 3825 885 3869 le
909 3837 990 3869 cause.
1013 3847 1039 3854 -
1061 3835 1128 3867 mea

83 3888 217 3942 q¹⁴⁰trte...
235 3905 337 3939 cauea
349 3911 377 3926 ==
391 3891 469 3936 anche
480 3905 495 3936 a
509 3891 558 3937 mio
569 3890 695 3946 riguardo.
708 3891 776 3938 llota
790 3891 837 3940 cbo
851 3904 955 3949 quoquo
968 3890 992 3936 s'x
999 3888 1142 3935 dilexisses
