2526 4246
151 134 187 190 48
357 185 364 197 ,
518 148 551 189 u.
571 147 675 189 99999
694 147 858 190 mensuare

153 254 418 341 eloquentissimos
440 265 541 322 autem
565 254 716 331 homines,
739 255 791 339 qui
814 254 870 320 ista
893 273 949 320 nec
969 253 1147 321 didicissent
1174 276 1230 323 nec

153 358 279 425 omnino
295 358 371 424 scire
385 367 550 436 curassent,
566 357 807 424 innumerabiles
822 357 969 443 quosdam
984 357 1181 439 nominabat3
1196 360 1228 424 in

153 461 264 550 quibus
286 462 388 539 etiam,
405 462 470 527 sire
484 461 538 526 ille
553 461 686 526 irridens
701 460 765 526 sive
780 461 861 546 quod
877 461 918 525 ita
932 470 1055 546 putaret
1077 471 1171 547 atque
1187 462 1228 528 ita

153 564 295 642 audisset,
310 585 362 629 me
377 564 409 629 in
425 564 478 630 illo
497 584 635 643 numero,
652 564 702 649 qui
719 564 772 628 illa
794 583 857 628 non
880 563 1052 629 didicissem
1065 574 1097 631 et
1112 575 1227 643 tamen,

92 692 95 697 ·
153 678 187 735 ut
208 668 273 754 ipse
294 667 422 745 dicebat,
444 687 565 753 possem
587 665 703 752 aliquid
726 667 758 731 in
781 666 919 744 dicende,
941 666 1126 753 proferebat.
1150 667 1229 752 Quo·

152 791 222 838 rum
245 773 376 837 alterum
399 791 453 857 ego
476 770 520 835 illi
538 770 624 835 facile
639 768 841 846 adsentiebar,
857 770 936 835 nihil
952 790 1003 836 me
1024 769 1178 849 didicisse,
1193 772 1225 836 in

152 874 249 939 altero
260 884 362 939 autem
378 892 428 938 me
440 872 527 938 illudi
544 872 581 938 ab
594 892 630 938 eo
641 882 694 938 aut
709 872 801 937 etiam
813 873 914 958 ipsum
925 893 1030 939 errare
1042 873 1225 940 arbitrabar

92 990 126 1043 92
153 976 256 1040 Artem
271 995 344 1040 vero
359 974 488 1062 negabat
503 994 569 1040 esse
589 976 695 1051 ullam,
712 973 770 1039 nisi
794 993 872 1059 quae
892 975 1019 1062 cognitis
1040 975 1227 1062 penitusque

75 1110 78 1116 ·
150 1077 317 1162 perspectis
332 1085 362 1142 et
385 1076 416 1141 in
432 1097 529 1142 unum
544 1077 660 1142 exitum
676 1076 880 1163 spectantibus
900 1086 930 1142 et
945 1096 1107 1162 nunquam
1121 1078 1226 1144 fallen-

107 1193 108 1197 ’
152 1179 233 1245 tibus
248 1179 340 1245 rebus
354 1179 571 1245 contineretur.
596 1179 673 1245 llaec
684 1189 786 1245 autem
798 1179 911 1256 omnia,
927 1199 1006 1265 quae
1021 1189 1226 1248 tractarentur

152 1282 190 1347 ab
212 1283 393 1358 oratoribus,
416 1282 509 1347 dubia
531 1303 596 1347 esse
619 1293 648 1348 et
678 1282 806 1360 incerta;
830 1282 975 1366 quoniam
998 1292 1028 1348 et
1049 1281 1225 1350 dicerentur

151 1385 251 1461 abiis,
268 1386 319 1470 qui
336 1385 439 1451 omnia
458 1406 493 1451 ea
515 1405 577 1451 non
592 1387 685 1471 plane
707 1395 857 1461 tenerent,
874 1395 904 1450 et
918 1384 1101 1451 audirentur
1123 1386 1224 1461 abiis,

152 1489 262 1574 quibus
285 1508 347 1553 non
370 1488 494 1554 scientia
517 1499 595 1553 esset
617 1486 774 1563 tradenda,
798 1487 850 1553 sed
872 1487 1144 1573 exigui'temporis
1173 1500 1225 1556 ant

91 1607 125 1661 93
152 1591 225 1656 falsa
252 1601 304 1657 aut
332 1601 413 1657 certe
439 1591 565 1656 obscura
588 1590 700 1676 opinio.
746 1589 825 1673 Quid
848 1592 964 1655 multa?
988 1590 1030 1655 sic
1056 1591 1135 1656 mihi
1158 1601 1223 1658 tum

150 1694 328 1780 persuaderi
344 1694 507 1759 videbatur
518 1714 618 1778 neque
630 1693 793 1759 artificium
801 1695 900 1759 ullum
912 1713 977 1758 esse
988 1692 1109 1758 dicendi
1123 1714 1223 1780 negue

151 1816 336 1881 quemquam
356 1816 453 1881 posse,
469 1796 527 1860 nisi
552 1797 603 1880 qui
627 1796 689 1872 illa,
703 1809 784 1881 quae
803 1816 820 1860 a
842 1795 1022 1860 doctissimis
1045 1795 1223 1863 hominibus
1243 1852 1247 1857 .

151 1897 183 1962 in
206 1898 400 1983 philosophia
423 1898 607 1974 dicerentur,
630 1909 794 1983 cognosset,
817 1908 869 1963 aut
894 1897 1002 1963 callide
1025 1907 1078 1963 aut
1103 1899 1222 1985 copiose

150 2000 259 2066 dicere.
304 2000 337 2064 ln
354 2001 464 2084 quibus
479 2000 665 2065 Charmadas
680 2001 795 2066 solebat
817 2001 975 2087 ingenium
990 2010 1089 2077 tuum,
1106 2000 1222 2082 Crasse,

151 2103 351 2169 vehementer
366 2103 525 2167 admirari:
549 2123 599 2168 me
615 2103 671 2167 sibi
691 2103 867 2189 perfacilem
884 2103 916 2167 in
931 2103 1094 2180 audiendo,
1110 2114 1141 2170 te
1155 2125 1222 2192 per·

149 2227 318 2294 pugnacem
340 2206 373 2271 in
395 2206 578 2291 disputando
600 2226 665 2271 esse
683 2207 796 2271 risum.

89 2328 123 2383 94
192 2310 293 2376 XXI.
310 2309 413 2395 ltaque
427 2330 481 2396 ego
498 2310 554 2374 hac
568 2309 674 2375 eadem
690 2309 835 2394 opinione
846 2308 992 2375 adductus
1006 2309 1113 2395 scripsi
1130 2312 1220 2378 etiam

149 2413 225 2479 illud
240 2414 371 2498 quodam
387 2413 418 2478 in
431 2413 545 2488 libello,
562 2413 613 2497 qui
627 2432 678 2477 me
693 2411 888 2498 imprudente
903 2421 933 2477 et
948 2411 1044 2476 invito
1064 2414 1178 2479 excidit
1191 2425 1222 2480 et

148 2517 290 2602 pervenit
302 2517 333 2580 in
346 2535 455 2581 manus
468 2515 639 2592 bominum,
659 2514 816 2580 disertos
830 2534 973 2600 cognosse
983 2534 1033 2580 me
1046 2519 1222 2594 nonnullos,

148 2620 380 2704 eloquentem
395 2617 495 2682 adhuc
511 2617 677 2693 neminem,
694 2618 774 2702 quod
786 2638 857 2683 eum
873 2617 1042 2683 statuebam
1058 2617 1220 2699 disertum,

148 2722 201 2807 qui
223 2731 324 2807 posset
345 2719 417 2783 satis
433 2728 518 2784 acute
533 2729 623 2803 atque
637 2718 770 2786 dilucide
792 2720 873 2805 apud
896 2720 1063 2786 mediocres
1080 2721 1223 2789 homines

148 2844 186 2890 ex
207 2821 360 2888 communi
385 2821 517 2905 quadam
540 2821 685 2906 opinione
708 2822 869 2889 hominum
893 2823 1001 2899 dicere,
1025 2825 1222 2909 eloquentem

148 2946 231 3002 vero,
247 2925 299 3011 qui
323 2923 495 2990 mirabilius
510 2934 540 2989 et
555 2924 798 3010 magnificentius
821 2946 931 3012 augere
946 2935 1046 3011 posset
1069 2936 1162 3012 atque
1178 2949 1235 2993 or·-

149 3049 223 3094 nare
238 3049 316 3114 quae
331 3029 424 3092 vellet
444 3046 611 3112 omnesque
626 3028 763 3094 omnium
780 3049 895 3106 rerum,
908 3049 985 3114 quae
1000 3028 1037 3093 ad
1054 3028 1221 3098 dicendum

148 3215 166 3260 il
180 3215 225 3260 cbo
240 3215 347 3261 Antonio
363 3213 416 3257 dice
431 3226 477 3266 per
491 3211 529 3255 far
543 3210 643 3255 eredere
657 3211 794 3264 ‹l’ignorerc
810 3212 893 3257 slffatti
909 3212 1015 3257 etudl.-
1025 3214 1223 3268 preferebat

147 3306 174 3319 ==
188 3289 294 3330 mettere
311 3283 416 3337 innanzi,
431 3296 443 3326 c
458 3279 533 3335 perh:
548 3294 711 3326 ennovereve.
762 3332 768 3342 .

215 3366 268 3409 92.
283 3366 393 3408 Artem
407 3362 449 3416 qui
465 3360 531 3405 vele:
547 3361 690 3405 sistema-
701 3362 736 3406 19
748 3376 845 3408 unam
860 3364 979 3407 0911909
993 3366 1225 3417 spectantibus

146 3454 174 3469 -
189 3434 286 3479 miranti
302 3450 316 3478 n
330 3447 363 3478 un
378 3434 430 3477 solo
446 3432 476 3476 ed
491 3431 563 3475 unico
578 3431 631 3475 line
646 3455 672 3462 —
686 3434 773 3478 00911
779 3437 918 3486 9000190,
932 3432 1027 3477 traduci
1043 3433 1081 3477 eol
1091 3447 1180 3487 prese
1190 3435 1223 3481 db

147 3505 164 3549 il
186 3506 248 3558 sign.
269 3505 293 3548 di
316 3508 449 3557 constare,
471 3504 617 3548 consistere.
638 3526 665 3534 -
686 3505 795 3559 091091
818 3505 985 3559 temperie,
1008 3503 1040 3548 de
1061 3503 1138 3548 durer
1159 3520 1225 3560 poco

147 3579 237 3630 tempo.
251 3599 277 3606 -
299 3578 354 3620 091
378 3579 468 3627 certe,
484 3587 498 3618 o
514 3587 558 3627 por
573 3574 596 3618 lo
612 3574 788 3624 9109010999).

214 3657 267 3700 93.
291 3655 370 3710 peta
390 3654 514 3699 9991101
536 3660 592 3698 sott.
608 3653 744 3707 100900-
758 3655 807 3698 (bo
822 3654 885 3708 piu?
899 3678 925 3684 —
941 3654 1046 3698 dicere
1065 3654 1173 3708 dipendc
1189 3655 1222 3702 de

144 3739 228 3782 peace.
242 3750 268 3757 -
278 3726 477 3781 perfacilem
490 3744 517 3757 ·=
532 3724 596 3769 essai
613 3723 699 3769 docile.

188 3805 411 3858 ean.xx1.-
426 3805 479 3848 94.
501 3804 533 3847 19
556 3803 683 3847 libelle:
706 3802 719 3848 ὲ
738 3804 820 3858 quello
834 3802 979 3858 pubblioato
1001 3802 1032 3846 de
1054 3802 1161 3848 Antonio
1180 3804 1221 3849 ool

132 3874 221 3919 11101οε
235 3876 388 3922 (10001109ιο
408 3874 519 3929 dicendi,
539 3874 580 3920 nel
595 3874 669 3929 99010
687 3874 821 3920 0110990νο
835 3875 946 3919 eleetos
960 3886 988 3918 ee
1003 3873 1100 3918 cidisse
1115 3873 1225 3931 multoe,
1258 3900 1261 3907 ·
