<?xml version="1.0" encoding="UTF-8"?>
<!DOCTYPE html PUBLIC "-//W3C//DTD XHTML 1.0 Transitional//EN"
    "http://www.w3.org/TR/xhtml1/DTD/xhtml1-transitional.dtd">
<html xmlns="http://www.w3.org/1999/xhtml" xml:lang="en" lang="en">
 <head>
  <title>
</title>
<meta http-equiv="Content-Type" content="text/html;charset=utf-8" />
  <meta name='ocr-system' content='tesseract 3.04.00' />
  <meta name='ocr-capabilities' content='ocr_page ocr_carea ocr_par ocr_line ocrx_word'/>
</head>
<body>
  <div class='ocr_page' id='page_1' title='image "./deoratorelibrit00firmgoog_0041.png"; bbox 0 0 2526 4246; ppageno 0'>
   <div class='ocr_carea' id='block_1_1' title="bbox 145 149 843 206">
    <p class='ocr_par' dir='ltr' id='par_1_1' title="bbox 145 149 843 206">
     <span class='ocr_line' id='line_1_1' title="bbox 145 149 843 206; baseline 0.004 -4"><span class='ocrx_word' id='word_1_1' title='bbox 145 149 178 202; x_wconf 83' lang='grc'>36</span> <span class='ocrx_word' id='word_1_2' title='bbox 508 164 541 202; x_wconf 85' lang='lat' dir='ltr'>ru.</span> <span class='ocrx_word' id='word_1_3' title='bbox 563 163 664 203; x_wconf 82' lang='lat' dir='ltr'>ruuun</span> <span class='ocrx_word' id='word_1_4' title='bbox 684 163 843 206; x_wconf 69' lang='lat' dir='ltr'>exossatus</span> 
     </span>
    </p>
   </div>
   <div class='ocr_carea' id='block_1_2' title="bbox 20 267 1217 2083">
    <p class='ocr_par' dir='ltr' id='par_1_2' title="bbox 20 267 1217 2083">
     <span class='ocr_line' id='line_1_2' title="bbox 146 267 1212 355; baseline 0.001 -21"><span class='ocrx_word' id='word_1_5' title='bbox 146 288 237 353; x_wconf 90' lang='lat' dir='ltr'>quam</span> <span class='ocrx_word' id='word_1_6' title='bbox 259 267 376 333; x_wconf 89' lang='lat' dir='ltr'>clientis</span> <span class='ocrx_word' id='word_1_7' title='bbox 394 288 512 333; x_wconf 88' lang='lat' dir='ltr'>causam</span> <span class='ocrx_word' id='word_1_8' title='bbox 528 268 674 345; x_wconf 77' lang='lat' dir='ltr'>didicerit,</span> <span class='ocrx_word' id='word_1_9' title='bbox 693 268 770 334; x_wconf 89' lang='lat' dir='ltr'>dicet</span> <span class='ocrx_word' id='word_1_10' title='bbox 785 270 894 335; x_wconf 90' lang='lat' dir='ltr'>melius</span> <span class='ocrx_word' id='word_1_11' title='bbox 909 279 939 335; x_wconf 91' lang='lat' dir='ltr'>et</span> <span class='ocrx_word' id='word_1_12' title='bbox 953 270 1100 346; x_wconf 90' lang='lat' dir='ltr'>ornatius,</span> <span class='ocrx_word' id='word_1_13' title='bbox 1118 291 1212 355; x_wconf 81' lang='lat' dir='ltr'>quam</span> 
     </span>
     <span class='ocr_line' id='line_1_3' title="bbox 87 371 1213 458; baseline 0.004 -24"><span class='ocrx_word' id='word_1_14' title='bbox 87 377 121 430; x_wconf 80' lang='lat'>52</span> <span class='ocrx_word' id='word_1_15' title='bbox 146 371 211 456; x_wconf 89' lang='lat' dir='ltr'>ipse</span> <span class='ocrx_word' id='word_1_16' title='bbox 232 371 285 436; x_wconf 91' lang='lat' dir='ltr'>ille</span> <span class='ocrx_word' id='word_1_17' title='bbox 307 371 371 435; x_wconf 89' lang='lat' dir='ltr'>eius</span> <span class='ocrx_word' id='word_1_18' title='bbox 393 371 437 436; x_wconf 92' lang='lat' dir='ltr'>rei</span> <span class='ocrx_word' id='word_1_19' title='bbox 460 371 603 436; x_wconf 89' lang='lat' dir='ltr'>inventor</span> <span class='ocrx_word' id='word_1_20' title='bbox 624 382 714 456; x_wconf 85' lang='lat' dir='ltr'>atque</span> <span class='ocrx_word' id='word_1_21' title='bbox 734 371 852 437; x_wconf 80' lang='lat' dir='ltr'>artifex.</span> <span class='ocrx_word' id='word_1_22' title='bbox 895 371 980 450; x_wconf 91' lang='lat' dir='ltr'>Nam,</span> <span class='ocrx_word' id='word_1_23' title='bbox 1003 373 1027 437; x_wconf 89' lang='lat' dir='ltr'>si</span> <span class='ocrx_word' id='word_1_24' title='bbox 1052 373 1120 458; x_wconf 90' lang='lat' dir='ltr'>quis</span> <span class='ocrx_word' id='word_1_25' title='bbox 1142 374 1213 451; x_wconf 85' lang='lat' dir='ltr'>erit,</span> 
     </span>
     <span class='ocr_line' id='line_1_4' title="bbox 146 461 1214 639; baseline 0.003 -100"><span class='ocrx_word' id='word_1_26' title='bbox 146 474 196 559; x_wconf 84' lang='lat' dir='ltr'>qui</span> <span class='ocrx_word' id='word_1_27' title='bbox 211 473 266 539; x_wconf 91' lang='lat' dir='ltr'>hoc</span> <span class='ocrx_word' id='word_1_28' title='bbox 280 473 367 550; x_wconf 89' lang='lat' dir='ltr'>dicat,</span> <span class='ocrx_word' id='word_1_29' title='bbox 379 492 444 538; x_wconf 91' lang='lat' dir='ltr'>esse</span> <span class='ocrx_word' id='word_1_30' title='bbox 458 472 603 557; x_wconf 88' lang='lat' dir='ltr'>quasdam</span> <span class='ocrx_word' id='word_1_31' title='bbox 618 483 773 539; x_wconf 91' lang='lat' dir='ltr'>oratorum</span> <span class='ocrx_word' id='word_1_32' title='bbox 787 474 927 639; x_wconf 65' lang='lat' dir='ltr'>prppr&#39;pps</span> <span class='ocrx_word' id='word_1_33' title='bbox 940 475 1105 540; x_wconf 90' lang='lat' dir='ltr'>sententias</span> <span class='ocrx_word' id='word_1_34' title='bbox 1120 461 1214 560; x_wconf 66' lang='lat' dir='ltr'>atoue</span> 
     </span>
     <span class='ocr_line' id='line_1_5' title="bbox 145 568 1212 663; baseline 0.001 -22"><span class='ocrx_word' id='word_1_35' title='bbox 145 587 300 651; x_wconf 45' lang='lat' dir='ltr'>cassasset</span> <span class='ocrx_word' id='word_1_36' title='bbox 320 585 471 640; x_wconf 87' lang='lat' dir='ltr'>certarum</span> <span class='ocrx_word' id='word_1_37' title='bbox 494 594 598 641; x_wconf 88' lang='lat' dir='ltr'>rerum</span> <span class='ocrx_word' id='word_1_38' title='bbox 613 574 783 640; x_wconf 76' lang='lat' dir='ltr'>forensibus</span> <span class='ocrx_word' id='word_1_39' title='bbox 798 568 887 641; x_wconf 80' lang='lat' dir='ltr'>canie&#39;</span> <span class='ocrx_word' id='word_1_40' title='bbox 913 576 937 640; x_wconf 93' lang='lat' dir='ltr'>is</span> <span class='ocrx_word' id='word_1_41' title='bbox 953 575 1212 663; x_wconf 82' lang='lat' dir='ltr'>circumscriptam</span> 
     </span>
     <span class='ocr_line' id='line_1_6' title="bbox 20 676 1214 763; baseline 0.002 -21"><span class='ocrx_word' id='word_1_42' title='bbox 20 680 24 687; x_wconf 84' lang='grc'><strong>’</strong></span> <span class='ocrx_word' id='word_1_43' title='bbox 115 718 121 724; x_wconf 91' lang='lat'>-</span> <span class='ocrx_word' id='word_1_44' title='bbox 145 677 310 754; x_wconf 90' lang='lat' dir='ltr'>scientiam,</span> <span class='ocrx_word' id='word_1_45' title='bbox 334 676 449 743; x_wconf 86' lang='lat' dir='ltr'>fatebor</span> <span class='ocrx_word' id='word_1_46' title='bbox 470 676 612 761; x_wconf 86' lang='lat' dir='ltr'>equidem</span> <span class='ocrx_word' id='word_1_47' title='bbox 626 676 659 740; x_wconf 90' lang='lat' dir='ltr'>in</span> <span class='ocrx_word' id='word_1_48' title='bbox 676 676 723 741; x_wconf 90' lang='lat' dir='ltr'>his</span> <span class='ocrx_word' id='word_1_49' title='bbox 738 678 833 763; x_wconf 83' lang='lat' dir='ltr'>magis</span> <span class='ocrx_word' id='word_1_50' title='bbox 862 677 986 742; x_wconf 86' lang='lat' dir='ltr'>adsidue</span> <span class='ocrx_word' id='word_1_51' title='bbox 1000 678 1115 743; x_wconf 87' lang='lat' dir='ltr'>versari</span> <span class='ocrx_word' id='word_1_52' title='bbox 1133 679 1214 745; x_wconf 87' lang='lat' dir='ltr'>banc</span> 
     </span>
     <span class='ocr_line' id='line_1_7' title="bbox 146 777 1215 865; baseline -0.001 -20"><span class='ocrx_word' id='word_1_53' title='bbox 146 790 281 845; x_wconf 89' lang='lat' dir='ltr'>nostram</span> <span class='ocrx_word' id='word_1_54' title='bbox 306 779 487 856; x_wconf 90' lang='lat' dir='ltr'>dictionem;</span> <span class='ocrx_word' id='word_1_55' title='bbox 517 777 569 844; x_wconf 89' lang='lat' dir='ltr'>sed</span> <span class='ocrx_word' id='word_1_56' title='bbox 594 788 697 843; x_wconf 88' lang='lat' dir='ltr'>tamen</span> <span class='ocrx_word' id='word_1_57' title='bbox 724 779 756 843; x_wconf 89' lang='lat' dir='ltr'>in</span> <span class='ocrx_word' id='word_1_58' title='bbox 780 779 828 844; x_wconf 94' lang='lat' dir='ltr'>his</span> <span class='ocrx_word' id='word_1_59' title='bbox 847 779 923 864; x_wconf 54' lang='lat' dir='ltr'>,ipsis</span> <span class='ocrx_word' id='word_1_60' title='bbox 944 779 1035 845; x_wconf 89' lang='lat' dir='ltr'>rebus</span> <span class='ocrx_word' id='word_1_61' title='bbox 1057 783 1215 865; x_wconf 75' lang='lat' dir='ltr'>permulta</span> 
     </span>
     <span class='ocr_line' id='line_1_8' title="bbox 146 860 1215 965; baseline 0.002 -20"><span class='ocrx_word' id='word_1_62' title='bbox 146 891 226 953; x_wconf 89' lang='lat' dir='ltr'>sunt,</span> <span class='ocrx_word' id='word_1_63' title='bbox 249 900 327 964; x_wconf 87' lang='lat' dir='ltr'>quae</span> <span class='ocrx_word' id='word_1_64' title='bbox 347 879 405 964; x_wconf 90' lang='lat' dir='ltr'>ipsi</span> <span class='ocrx_word' id='word_1_65' title='bbox 427 879 572 965; x_wconf 84' lang='lat' dir='ltr'>magistri,</span> <span class='ocrx_word' id='word_1_66' title='bbox 596 880 647 964; x_wconf 88' lang='lat' dir='ltr'>qui</span> <span class='ocrx_word' id='word_1_67' title='bbox 671 880 813 945; x_wconf 86' lang='lat' dir='ltr'>rhetorici</span> <span class='ocrx_word' id='word_1_68' title='bbox 836 890 990 958; x_wconf 90' lang='lat' dir='ltr'>vocantur,</span> <span class='ocrx_word' id='word_1_69' title='bbox 1010 900 1065 945; x_wconf 90' lang='lat' dir='ltr'>nec</span> <span class='ocrx_word' id='word_1_70' title='bbox 1086 860 1215 965; x_wconf 66' lang='lat' dir='ltr'>trad‘u‘nt</span> 
     </span>
     <span class='ocr_line' id='line_1_9' title="bbox 87 979 1215 1063; baseline -0.003 -12"><span class='ocrx_word' id='word_1_71' title='bbox 87 996 121 1051; x_wconf 76' lang='grc'>53</span> <span class='ocrx_word' id='word_1_72' title='bbox 147 1003 202 1047; x_wconf 89' lang='lat' dir='ltr'>uec</span> <span class='ocrx_word' id='word_1_73' title='bbox 223 990 337 1046; x_wconf 89' lang='lat' dir='ltr'>tenent.</span> <span class='ocrx_word' id='word_1_74' title='bbox 382 979 456 1063; x_wconf 83' lang='lat' dir='ltr'>Quis</span> <span class='ocrx_word' id='word_1_75' title='bbox 478 981 562 1045; x_wconf 88' lang='lat' dir='ltr'>euim</span> <span class='ocrx_word' id='word_1_76' title='bbox 584 981 679 1046; x_wconf 88' lang='lat' dir='ltr'>nescit</span> <span class='ocrx_word' id='word_1_77' title='bbox 701 981 867 1046; x_wconf 83' lang='lat' dir='ltr'>maximam</span> <span class='ocrx_word' id='word_1_78' title='bbox 889 982 952 1046; x_wconf 87' lang='lat' dir='ltr'>vim</span> <span class='ocrx_word' id='word_1_79' title='bbox 982 982 1127 1048; x_wconf 86' lang='lat' dir='ltr'>exsistere</span> <span class='ocrx_word' id='word_1_80' title='bbox 1149 1004 1215 1048; x_wconf 89' lang='lat' dir='ltr'>ora-</span> 
     </span>
     <span class='ocr_line' id='line_1_10' title="bbox 71 1082 1215 1166; baseline 0.001 -17"><span class='ocrx_word' id='word_1_81' title='bbox 71 1103 73 1106; x_wconf 85' lang='lat'>·</span> <span class='ocrx_word' id='word_1_82' title='bbox 146 1084 221 1150; x_wconf 89' lang='lat' dir='ltr'>toris</span> <span class='ocrx_word' id='word_1_83' title='bbox 243 1083 274 1147; x_wconf 92' lang='lat' dir='ltr'>in</span> <span class='ocrx_word' id='word_1_84' title='bbox 297 1082 459 1147; x_wconf 90' lang='lat' dir='ltr'>bominum</span> <span class='ocrx_word' id='word_1_85' title='bbox 481 1082 634 1147; x_wconf 91' lang='lat' dir='ltr'>mentibus</span> <span class='ocrx_word' id='word_1_86' title='bbox 655 1084 704 1147; x_wconf 88' lang='lat' dir='ltr'>vel</span> <span class='ocrx_word' id='word_1_87' title='bbox 727 1083 764 1147; x_wconf 93' lang='lat' dir='ltr'>ad</span> <span class='ocrx_word' id='word_1_88' title='bbox 787 1083 865 1148; x_wconf 88' lang='lat' dir='ltr'>iram</span> <span class='ocrx_word' id='word_1_89' title='bbox 888 1085 936 1149; x_wconf 89' lang='lat' dir='ltr'>vel</span> <span class='ocrx_word' id='word_1_90' title='bbox 960 1083 997 1166; x_wconf 80' lang='lat' dir='ltr'>acl</span> <span class='ocrx_word' id='word_1_91' title='bbox 1019 1083 1124 1150; x_wconf 90' lang='lat' dir='ltr'>odium</span> <span class='ocrx_word' id='word_1_92' title='bbox 1150 1084 1215 1166; x_wconf 91' lang='lat' dir='ltr'>[do-</span> 
     </span>
     <span class='ocr_line' id='line_1_11' title="bbox 146 1183 1215 1271; baseline -0.001 -20"><span class='ocrx_word' id='word_1_93' title='bbox 146 1188 257 1269; x_wconf 88' lang='lat' dir='ltr'>lorem]</span> <span class='ocrx_word' id='word_1_94' title='bbox 281 1183 442 1249; x_wconf 89' lang='lat' dir='ltr'>incitandis</span> <span class='ocrx_word' id='word_1_95' title='bbox 457 1186 506 1249; x_wconf 89' lang='lat' dir='ltr'>vel</span> <span class='ocrx_word' id='word_1_96' title='bbox 521 1184 559 1248; x_wconf 93' lang='lat' dir='ltr'>ab</span> <span class='ocrx_word' id='word_1_97' title='bbox 582 1183 664 1249; x_wconf 89' lang='lat' dir='ltr'>bisce</span> <span class='ocrx_word' id='word_1_98' title='bbox 686 1184 793 1249; x_wconf 88' lang='lat' dir='ltr'>iisdem</span> <span class='ocrx_word' id='word_1_99' title='bbox 814 1185 1056 1271; x_wconf 88' lang='lat' dir='ltr'>permotionibus</span> <span class='ocrx_word' id='word_1_100' title='bbox 1077 1185 1116 1251; x_wconf 91' lang='lat' dir='ltr'>ad</span> <span class='ocrx_word' id='word_1_101' title='bbox 1139 1187 1215 1251; x_wconf 90' lang='lat' dir='ltr'>leni-</span> 
     </span>
     <span class='ocr_line' id='line_1_12' title="bbox 145 1285 1215 1381; baseline -0.001 -28"><span class='ocrx_word' id='word_1_102' title='bbox 145 1298 239 1353; x_wconf 82' lang='lat' dir='ltr'>tatem</span> <span class='ocrx_word' id='word_1_103' title='bbox 267 1285 565 1381; x_wconf 58' lang='lat' dir='ltr'>miserirpndiamque</span> <span class='ocrx_word' id='word_1_104' title='bbox 594 1286 788 1375; x_wconf 85' lang='lat' dir='ltr'>revocandis?</span> <span class='ocrx_word' id='word_1_105' title='bbox 817 1286 909 1369; x_wconf 85' lang='lat' dir='ltr'>Quae,</span> <span class='ocrx_word' id='word_1_106' title='bbox 933 1287 992 1352; x_wconf 89' lang='lat' dir='ltr'>nisi</span> <span class='ocrx_word' id='word_1_107' title='bbox 1014 1287 1065 1371; x_wconf 89' lang='lat' dir='ltr'>qui</span> <span class='ocrx_word' id='word_1_108' title='bbox 1088 1298 1215 1353; x_wconf 89' lang='lat' dir='ltr'>naturas</span> 
     </span>
     <span class='ocr_line' id='line_1_13' title="bbox 147 1366 1215 1495; baseline 0 -42"><span class='ocrx_word' id='word_1_109' title='bbox 147 1389 307 1454; x_wconf 89' lang='lat' dir='ltr'>bominum</span> <span class='ocrx_word' id='word_1_110' title='bbox 329 1366 453 1472; x_wconf 66' lang='lat' dir='ltr'>viand&#39;e&#39;</span> <span class='ocrx_word' id='word_1_111' title='bbox 472 1368 598 1452; x_wconf 71' lang='lat' dir='ltr'>¹onmem</span> <span class='ocrx_word' id='word_1_112' title='bbox 621 1384 819 1495; x_wconf 70' lang='lat' dir='ltr'>humpnrlatip</span> <span class='ocrx_word' id='word_1_113' title='bbox 841 1408 1004 1473; x_wconf 88' lang='lat' dir='ltr'>causasque</span> <span class='ocrx_word' id='word_1_114' title='bbox 1019 1393 1078 1465; x_wconf 86' lang='lat' dir='ltr'>eas,</span> <span class='ocrx_word' id='word_1_115' title='bbox 1103 1389 1215 1474; x_wconf 90' lang='lat' dir='ltr'>quibus</span> 
     </span>
     <span class='ocr_line' id='line_1_14' title="bbox 146 1474 1214 1583; baseline 0 -28"><span class='ocrx_word' id='word_1_116' title='bbox 146 1501 264 1556; x_wconf 88' lang='lat' dir='ltr'>mentes</span> <span class='ocrx_word' id='word_1_117' title='bbox 286 1501 338 1555; x_wconf 91' lang='lat' dir='ltr'>aut</span> <span class='ocrx_word' id='word_1_118' title='bbox 359 1489 525 1556; x_wconf 89' lang='lat' dir='ltr'>incitantur</span> <span class='ocrx_word' id='word_1_119' title='bbox 549 1498 601 1554; x_wconf 90' lang='lat' dir='ltr'>aut</span> <span class='ocrx_word' id='word_1_120' title='bbox 627 1474 834 1583; x_wconf 68' lang='lat' dir='ltr'>cellectddtur,</span> <span class='ocrx_word' id='word_1_121' title='bbox 861 1490 983 1576; x_wconf 91' lang='lat' dir='ltr'>penitus</span> <span class='ocrx_word' id='word_1_122' title='bbox 1012 1491 1214 1575; x_wconf 84' lang='lat' dir='ltr'>perspexerit,</span> 
     </span>
     <span class='ocr_line' id='line_1_15' title="bbox 88 1582 1216 1676; baseline -0.003 -17"><span class='ocrx_word' id='word_1_123' title='bbox 88 1605 120 1660; x_wconf 76' lang='lat'>54</span> <span class='ocrx_word' id='word_1_124' title='bbox 147 1591 273 1658; x_wconf 87' lang='lat' dir='ltr'>dicendo</span> <span class='ocrx_word' id='word_1_125' title='bbox 286 1591 365 1676; x_wconf 88' lang='lat' dir='ltr'>quod</span> <span class='ocrx_word' id='word_1_126' title='bbox 378 1594 458 1656; x_wconf 81' lang='lat' dir='ltr'>volet</span> <span class='ocrx_word' id='word_1_127' title='bbox 469 1590 616 1676; x_wconf 86' lang='lat' dir='ltr'>perficere</span> <span class='ocrx_word' id='word_1_128' title='bbox 628 1610 688 1655; x_wconf 94' lang='lat' dir='ltr'>non</span> <span class='ocrx_word' id='word_1_129' title='bbox 699 1582 822 1675; x_wconf 77' lang='lat' dir='ltr'>‘poterit</span> <span class='ocrx_word' id='word_1_130' title='bbox 866 1591 962 1676; x_wconf 79' lang='lat' dir='ltr'>Atque</span> <span class='ocrx_word' id='word_1_131' title='bbox 973 1601 1052 1656; x_wconf 91' lang='lat' dir='ltr'>totus</span> <span class='ocrx_word' id='word_1_132' title='bbox 1068 1591 1118 1656; x_wconf 90' lang='lat' dir='ltr'>hio</span> <span class='ocrx_word' id='word_1_133' title='bbox 1132 1592 1216 1658; x_wconf 90' lang='lat' dir='ltr'>locus</span> 
     </span>
     <span class='ocr_line' id='line_1_16' title="bbox 147 1692 1216 1780; baseline 0.001 -22"><span class='ocrx_word' id='word_1_134' title='bbox 147 1695 288 1780; x_wconf 87' lang='lat' dir='ltr'>philosop</span> <span class='ocrx_word' id='word_1_135' title='bbox 332 1714 401 1763; x_wconf 81' lang='lat' dir='ltr'>uum</span> <span class='ocrx_word' id='word_1_136' title='bbox 416 1693 559 1778; x_wconf 91' lang='lat' dir='ltr'>proprius</span> <span class='ocrx_word' id='word_1_137' title='bbox 574 1692 706 1770; x_wconf 92' lang='lat' dir='ltr'>ridetur;</span> <span class='ocrx_word' id='word_1_138' title='bbox 731 1712 830 1778; x_wconf 88' lang='lat' dir='ltr'>neque</span> <span class='ocrx_word' id='word_1_139' title='bbox 845 1703 946 1760; x_wconf 90' lang='lat' dir='ltr'>orator</span> <span class='ocrx_word' id='word_1_140' title='bbox 959 1713 1009 1758; x_wconf 90' lang='lat' dir='ltr'>me</span> <span class='ocrx_word' id='word_1_141' title='bbox 1024 1704 1145 1759; x_wconf 88' lang='lat' dir='ltr'>auctore</span> <span class='ocrx_word' id='word_1_142' title='bbox 1160 1715 1216 1760; x_wconf 92' lang='lat' dir='ltr'>un-</span> 
     </span>
     <span class='ocr_line' id='line_1_17' title="bbox 148 1770 1217 1891; baseline 0.002 -31"><span class='ocrx_word' id='word_1_143' title='bbox 148 1817 239 1882; x_wconf 89' lang='lat' dir='ltr'>quam</span> <span class='ocrx_word' id='word_1_144' title='bbox 262 1817 278 1860; x_wconf 95' lang='lat' dir='ltr'>r</span> <span class='ocrx_word' id='word_1_145' title='bbox 318 1770 457 1891; x_wconf 46' lang='lat' dir='ltr'>wldbim</span> <span class='ocrx_word' id='word_1_146' title='bbox 481 1794 542 1871; x_wconf 91' lang='lat' dir='ltr'>sed,</span> <span class='ocrx_word' id='word_1_147' title='bbox 565 1813 634 1859; x_wconf 83' lang='lat' dir='ltr'>curn</span> <span class='ocrx_word' id='word_1_148' title='bbox 656 1794 717 1859; x_wconf 92' lang='lat' dir='ltr'>illis</span> <span class='ocrx_word' id='word_1_149' title='bbox 738 1795 939 1881; x_wconf 81' lang='lat' dir='ltr'>cognitionem</span> <span class='ocrx_word' id='word_1_150' title='bbox 968 1814 1072 1860; x_wconf 89' lang='lat' dir='ltr'>rerum</span> <span class='ocrx_word' id='word_1_151' title='bbox 1099 1815 1217 1862; x_wconf 90' lang='lat' dir='ltr'>conces-</span> 
     </span>
     <span class='ocr_line' id='line_1_18' title="bbox 148 1895 1216 1982; baseline -0.001 -19"><span class='ocrx_word' id='word_1_152' title='bbox 148 1898 230 1974; x_wconf 85' lang='lat' dir='ltr'>serit,</span> <span class='ocrx_word' id='word_1_153' title='bbox 253 1896 335 1982; x_wconf 89' lang='lat' dir='ltr'>quod</span> <span class='ocrx_word' id='word_1_154' title='bbox 356 1897 388 1959; x_wconf 91' lang='lat' dir='ltr'>in</span> <span class='ocrx_word' id='word_1_155' title='bbox 410 1917 445 1961; x_wconf 90' lang='lat' dir='ltr'>ea</span> <span class='ocrx_word' id='word_1_156' title='bbox 467 1898 564 1960; x_wconf 92' lang='lat' dir='ltr'>solum</span> <span class='ocrx_word' id='word_1_157' title='bbox 587 1895 630 1959; x_wconf 95' lang='lat' dir='ltr'>illi</span> <span class='ocrx_word' id='word_1_158' title='bbox 648 1897 801 1962; x_wconf 89' lang='lat' dir='ltr'>volueriut</span> <span class='ocrx_word' id='word_1_159' title='bbox 822 1897 988 1973; x_wconf 87' lang='lat' dir='ltr'>elaborare,</span> <span class='ocrx_word' id='word_1_160' title='bbox 1007 1898 1216 1962; x_wconf 88' lang='lat' dir='ltr'>tractationem</span> 
     </span>
     <span class='ocr_line' id='line_1_19' title="bbox 148 1997 1217 2083; baseline 0.001 -18"><span class='ocrx_word' id='word_1_161' title='bbox 148 1999 302 2074; x_wconf 91' lang='lat' dir='ltr'>orationis,</span> <span class='ocrx_word' id='word_1_162' title='bbox 325 2017 402 2083; x_wconf 91' lang='lat' dir='ltr'>quae</span> <span class='ocrx_word' id='word_1_163' title='bbox 424 1997 490 2063; x_wconf 90' lang='lat' dir='ltr'>siue</span> <span class='ocrx_word' id='word_1_164' title='bbox 513 1997 564 2063; x_wconf 93' lang='lat' dir='ltr'>illa</span> <span class='ocrx_word' id='word_1_165' title='bbox 586 1998 710 2063; x_wconf 86' lang='lat' dir='ltr'>scientia</span> <span class='ocrx_word' id='word_1_166' title='bbox 732 2000 818 2063; x_wconf 91' lang='lat' dir='ltr'>nulla</span> <span class='ocrx_word' id='word_1_167' title='bbox 839 2008 893 2076; x_wconf 89' lang='lat' dir='ltr'>est,</span> <span class='ocrx_word' id='word_1_168' title='bbox 917 1998 973 2063; x_wconf 93' lang='lat' dir='ltr'>sibi</span> <span class='ocrx_word' id='word_1_169' title='bbox 990 1998 1142 2077; x_wconf 88' lang='lat' dir='ltr'>adsumet;</span> <span class='ocrx_word' id='word_1_170' title='bbox 1159 1999 1217 2066; x_wconf 89' lang='lat' dir='ltr'>hoc</span> 
     </span>
    </p>
   </div>
   <div class='ocr_carea' id='block_1_3' title="bbox 14 2099 1217 2601">
    <p class='ocr_par' dir='ltr' id='par_1_3' title="bbox 149 2099 1217 2187">
     <span class='ocr_line' id='line_1_20' title="bbox 149 2099 1217 2187; baseline 0.001 -22"><span class='ocrx_word' id='word_1_171' title='bbox 149 2101 232 2166; x_wconf 87' lang='lat' dir='ltr'>enim</span> <span class='ocrx_word' id='word_1_172' title='bbox 247 2110 292 2164; x_wconf 91' lang='lat' dir='ltr'>est</span> <span class='ocrx_word' id='word_1_173' title='bbox 306 2099 466 2186; x_wconf 86' lang='lat' dir='ltr'>proprium</span> <span class='ocrx_word' id='word_1_174' title='bbox 479 2099 615 2177; x_wconf 92' lang='lat' dir='ltr'>oratoris,</span> <span class='ocrx_word' id='word_1_175' title='bbox 635 2099 715 2184; x_wconf 89' lang='lat' dir='ltr'>quod</span> <span class='ocrx_word' id='word_1_176' title='bbox 733 2120 822 2186; x_wconf 88' lang='lat' dir='ltr'>saepe</span> <span class='ocrx_word' id='word_1_177' title='bbox 836 2100 897 2164; x_wconf 85' lang='lat' dir='ltr'>iarn</span> <span class='ocrx_word' id='word_1_178' title='bbox 912 2099 988 2165; x_wconf 91' lang='lat' dir='ltr'>dixi:</span> <span class='ocrx_word' id='word_1_179' title='bbox 1004 2101 1100 2165; x_wconf 88' lang='lat' dir='ltr'>oratio</span> <span class='ocrx_word' id='word_1_180' title='bbox 1114 2102 1217 2187; x_wconf 84' lang='lat' dir='ltr'>gravis</span> 
     </span>
    </p>

    <p class='ocr_par' dir='ltr' id='par_1_4' title="bbox 14 2136 1217 2601">
     <span class='ocr_line' id='line_1_21' title="bbox 14 2136 1169 2287; baseline 0.001 -20"><span class='ocrx_word' id='word_1_181' title='bbox 14 2276 18 2283; x_wconf 91' lang='lat'>.</span> <span class='ocrx_word' id='word_1_182' title='bbox 54 2230 57 2235; x_wconf 93' lang='lat'>·</span> <span class='ocrx_word' id='word_1_183' title='bbox 125 2136 180 2287; x_wconf 60' lang='lat' dir='ltr'>[et</span> <span class='ocrx_word' id='word_1_184' title='bbox 201 2212 306 2269; x_wconf 89' lang='lat' dir='ltr'>ornata</span> <span class='ocrx_word' id='word_1_185' title='bbox 328 2212 358 2267; x_wconf 87' lang='lat' dir='ltr'>et</span> <span class='ocrx_word' id='word_1_186' title='bbox 381 2201 540 2267; x_wconf 90' lang='lat' dir='ltr'>hominum</span> <span class='ocrx_word' id='word_1_187' title='bbox 562 2200 701 2266; x_wconf 88' lang='lat' dir='ltr'>sensibus</span> <span class='ocrx_word' id='word_1_188' title='bbox 716 2221 749 2266; x_wconf 92' lang='lat' dir='ltr'>ac</span> <span class='ocrx_word' id='word_1_189' title='bbox 764 2202 917 2266; x_wconf 91' lang='lat' dir='ltr'>mentibus</span> <span class='ocrx_word' id='word_1_190' title='bbox 939 2203 1169 2268; x_wconf 88' lang='lat' dir='ltr'>accommodata.</span> 
     </span>
     <span class='ocr_line' id='line_1_22' title="bbox 89 2302 1217 2397; baseline -0.001 -27"><span class='ocrx_word' id='word_1_191' title='bbox 89 2333 122 2386; x_wconf 80' lang='lat'>55</span> <span class='ocrx_word' id='word_1_192' title='bbox 191 2305 298 2371; x_wconf 88' lang='lat' dir='ltr'>XlII.</span> <span class='ocrx_word' id='word_1_193' title='bbox 321 2303 437 2387; x_wconf 83' lang='lat' dir='ltr'>Quibus</span> <span class='ocrx_word' id='word_1_194' title='bbox 458 2303 496 2368; x_wconf 90' lang='lat' dir='ltr'>de</span> <span class='ocrx_word' id='word_1_195' title='bbox 519 2303 609 2369; x_wconf 90' lang='lat' dir='ltr'>rebus</span> <span class='ocrx_word' id='word_1_196' title='bbox 630 2303 820 2367; x_wconf 72' lang='lat' dir='ltr'>Aristotelem</span> <span class='ocrx_word' id='word_1_197' title='bbox 843 2313 872 2368; x_wconf 89' lang='lat' dir='ltr'>et</span> <span class='ocrx_word' id='word_1_198' title='bbox 886 2302 1064 2387; x_wconf 29' lang='lat' dir='ltr'>Theophr,</span> <span class='ocrx_word' id='word_1_199' title='bbox 1100 2324 1132 2369; x_wconf 91' lang='lat' dir='ltr'>m</span> <span class='ocrx_word' id='word_1_200' title='bbox 1146 2304 1217 2397; x_wconf 66' lang='lat' dir='ltr'>sopi-</span> 
     </span>
     <span class='ocr_line' id='line_1_23' title="bbox 147 2390 1215 2494; baseline -0.003 -21"><span class='ocrx_word' id='word_1_201' title='bbox 147 2409 243 2494; x_wconf 92' lang='lat' dir='ltr'>psisse</span> <span class='ocrx_word' id='word_1_202' title='bbox 258 2407 361 2472; x_wconf 85' lang='lat' dir='ltr'>l&#39;ateor.</span> <span class='ocrx_word' id='word_1_203' title='bbox 386 2405 445 2472; x_wconf 87' lang='lat' dir='ltr'>Sed</span> <span class='ocrx_word' id='word_1_204' title='bbox 460 2405 530 2471; x_wconf 88' lang='lat' dir='ltr'>vide</span> <span class='ocrx_word' id='word_1_205' title='bbox 546 2425 585 2470; x_wconf 91' lang='lat' dir='ltr'>ne</span> <span class='ocrx_word' id='word_1_206' title='bbox 607 2405 672 2482; x_wconf 89' lang='lat' dir='ltr'>boc,</span> <span class='ocrx_word' id='word_1_207' title='bbox 696 2404 846 2481; x_wconf 86' lang='lat' dir='ltr'>Scaevola,</span> <span class='ocrx_word' id='word_1_208' title='bbox 863 2415 959 2470; x_wconf 92' lang='lat' dir='ltr'>totum</span> <span class='ocrx_word' id='word_1_209' title='bbox 977 2398 1033 2469; x_wconf 65' lang='lat' dir='ltr'>sit&#39;</span> <span class='ocrx_word' id='word_1_210' title='bbox 1063 2390 1215 2472; x_wconf 60' lang='lat' dir='ltr'>udbeain</span> 
     </span>
     <span class='ocr_line' id='line_1_24' title="bbox 148 2506 1215 2601; baseline -0.001 -27"><span class='ocrx_word' id='word_1_211' title='bbox 148 2530 211 2595; x_wconf 81' lang='lat' dir='ltr'>ege,</span> <span class='ocrx_word' id='word_1_212' title='bbox 234 2529 311 2594; x_wconf 89' lang='lat' dir='ltr'>quae</span> <span class='ocrx_word' id='word_1_213' title='bbox 333 2518 404 2574; x_wconf 90' lang='lat' dir='ltr'>sunt</span> <span class='ocrx_word' id='word_1_214' title='bbox 425 2509 537 2572; x_wconf 88' lang='lat' dir='ltr'>oratori</span> <span class='ocrx_word' id='word_1_215' title='bbox 559 2527 628 2572; x_wconf 86' lang='lat' dir='ltr'>oum</span> <span class='ocrx_word' id='word_1_216' title='bbox 650 2506 711 2571; x_wconf 89' lang='lat' dir='ltr'>illis</span> <span class='ocrx_word' id='word_1_217' title='bbox 740 2507 921 2584; x_wconf 88' lang='lat' dir='ltr'>communia,</span> <span class='ocrx_word' id='word_1_218' title='bbox 946 2526 1007 2571; x_wconf 90' lang='lat' dir='ltr'>non</span> <span class='ocrx_word' id='word_1_219' title='bbox 1021 2518 1156 2601; x_wconf 22' lang='lat' dir='ltr'>&#39;mutuor</span> <span class='ocrx_word' id='word_1_220' title='bbox 1176 2508 1215 2573; x_wconf 93' lang='lat' dir='ltr'>ab</span> 
     </span>
    </p>
   </div>
   <div class='ocr_carea' id='block_1_4' title="bbox 147 2686 1215 2844">
    <p class='ocr_par' dir='ltr' id='par_1_5' title="bbox 147 2686 1215 2844">
     <span class='ocr_line' id='line_1_25' title="bbox 148 2686 1215 2773; baseline -0.007 -3"><span class='ocrx_word' id='word_1_221' title='bbox 148 2725 292 2770; x_wconf 82' lang='lat' dir='ltr'>sentimenta</span> <span class='ocrx_word' id='word_1_222' title='bbox 307 2723 408 2769; x_wconf 81' lang='lat' dir='ltr'>tondete</span> <span class='ocrx_word' id='word_1_223' title='bbox 423 2722 487 2767; x_wconf 85' lang='lat' dir='ltr'>sulla</span> <span class='ocrx_word' id='word_1_224' title='bbox 501 2717 633 2764; x_wconf 88' lang='lat' dir='ltr'>intulzione</span> <span class='ocrx_word' id='word_1_225' title='bbox 648 2731 661 2763; x_wconf 90' lang='lat' dir='ltr'>e</span> <span class='ocrx_word' id='word_1_226' title='bbox 676 2717 741 2763; x_wconf 91' lang='lat' dir='ltr'>sulla</span> <span class='ocrx_word' id='word_1_227' title='bbox 755 2718 926 2773; x_wconf 85' lang='lat' dir='ltr'>couvlnzioue;</span> <span class='ocrx_word' id='word_1_228' title='bbox 945 2715 971 2764; x_wconf 74' lang='lat' dir='ltr'>la‘</span> <span class='ocrx_word' id='word_1_229' title='bbox 983 2721 1009 2764; x_wconf 81' lang='lat'>2·</span> <span class='ocrx_word' id='word_1_230' title='bbox 1025 2686 1215 2766; x_wconf 57' lang='lat' dir='ltr'>b&#39;eonosoenza.</span> 
     </span>
     <span class='ocr_line' id='line_1_26' title="bbox 147 2787 1135 2844; baseline -0.004 -6"><span class='ocrx_word' id='word_1_231' title='bbox 147 2817 174 2826; x_wconf 92' lang='lat'><em>—</em></span> <span class='ocrx_word' id='word_1_232' title='bbox 192 2794 347 2838; x_wconf 81' lang='lat' dir='ltr'>didicerit</span> <span class='ocrx_word' id='word_1_233' title='bbox 359 2812 386 2826; x_wconf 88' lang='lat'>-</span> <span class='ocrx_word' id='word_1_234' title='bbox 400 2806 430 2837; x_wconf 89' lang='lat' dir='ltr'>ne</span> <span class='ocrx_word' id='word_1_235' title='bbox 445 2789 506 2836; x_wconf 83' lang='lat' dir='ltr'>avrb</span> <span class='ocrx_word' id='word_1_236' title='bbox 519 2802 593 2844; x_wconf 84' lang='lat' dir='ltr'>presa</span> <span class='ocrx_word' id='word_1_237' title='bbox 606 2787 758 2843; x_wconf 74' lang='lat' dir='ltr'>cognitione,</span> <span class='ocrx_word' id='word_1_238' title='bbox 771 2802 797 2833; x_wconf 90' lang='lat' dir='ltr'>se</span> <span class='ocrx_word' id='word_1_239' title='bbox 811 2801 841 2832; x_wconf 89' lang='lat' dir='ltr'>ne</span> <span class='ocrx_word' id='word_1_240' title='bbox 856 2787 913 2833; x_wconf 76' lang='lat' dir='ltr'>sard</span> <span class='ocrx_word' id='word_1_241' title='bbox 926 2788 1049 2834; x_wconf 87' lang='lat' dir='ltr'>imbevuto</span> <span class='ocrx_word' id='word_1_242' title='bbox 1063 2792 1135 2834; x_wconf 87' lang='lat' dir='ltr'>tutto.</span> 
     </span>
    </p>
   </div>
   <div class='ocr_carea' id='block_1_5' title="bbox 146 2883 1210 3019">
    <p class='ocr_par' dir='ltr' id='par_1_6' title="bbox 146 2883 1210 3019">
     <span class='ocr_line' id='line_1_27' title="bbox 215 2883 1210 2941; baseline -0.002 -9"><span class='ocrx_word' id='word_1_243' title='bbox 215 2889 267 2933; x_wconf 74' lang='lat'>52.</span> <span class='ocrx_word' id='word_1_244' title='bbox 282 2889 337 2934; x_wconf 85' lang='lat' dir='ltr'>boa</span> <span class='ocrx_word' id='word_1_245' title='bbox 351 2886 460 2941; x_wconf 85' lang='lat' dir='ltr'>anticipa</span> <span class='ocrx_word' id='word_1_246' title='bbox 473 2886 498 2930; x_wconf 87' lang='lat' dir='ltr'>la</span> <span class='ocrx_word' id='word_1_247' title='bbox 511 2883 717 2940; x_wconf 65' lang='lat' dir='ltr'>proposuimus</span> <span class='ocrx_word' id='word_1_248' title='bbox 733 2896 816 2936; x_wconf 80' lang='lat' dir='ltr'>segue.</span> <span class='ocrx_word' id='word_1_249' title='bbox 829 2907 856 2914; x_wconf 88' lang='lat'>-</span> <span class='ocrx_word' id='word_1_250' title='bbox 869 2884 1050 2928; x_wconf 78' lang='lat' dir='ltr'>sententias</span> <span class='ocrx_word' id='word_1_251' title='bbox 1063 2904 1091 2918; x_wconf 92' lang='lat'>-</span> <span class='ocrx_word' id='word_1_252' title='bbox 1104 2883 1210 2930; x_wconf 82' lang='lat' dir='ltr'>materie</span> 
     </span>
     <span class='ocr_line' id='line_1_28' title="bbox 146 2953 1008 3019; baseline -0.008 -14"><span class='ocrx_word' id='word_1_253' title='bbox 146 2981 173 2992; x_wconf 93' lang='lat'>-</span> <span class='ocrx_word' id='word_1_254' title='bbox 188 2960 365 3006; x_wconf 80' lang='lat' dir='ltr'>tradant...</span> <span class='ocrx_word' id='word_1_255' title='bbox 385 2959 493 3019; x_wconf 22' lang='lat' dir='ltr'>terre—nt</span> <span class='ocrx_word' id='word_1_256' title='bbox 505 2977 533 2991; x_wconf 90' lang='lat'><em>-</em></span> <span class='ocrx_word' id='word_1_257' title='bbox 546 2956 680 3007; x_wconf 79' lang='lat' dir='ltr'>insegnano</span> <span class='ocrx_word' id='word_1_258' title='bbox 696 2954 806 3000; x_wconf 86' lang='lat' dir='ltr'>altrui...</span> <span class='ocrx_word' id='word_1_259' title='bbox 824 2967 900 2998; x_wconf 79' lang='lat' dir='ltr'>senno</span> <span class='ocrx_word' id='word_1_260' title='bbox 915 2966 960 3007; x_wconf 85' lang='lat' dir='ltr'>per</span> <span class='ocrx_word' id='word_1_261' title='bbox 974 2953 1008 2998; x_wconf 75' lang='lat' dir='ltr'>se.</span> 
     </span>
    </p>
   </div>
   <div class='ocr_carea' id='block_1_6' title="bbox 147 3049 1217 3241">
    <p class='ocr_par' dir='ltr' id='par_1_7' title="bbox 147 3049 1217 3241">
     <span class='ocr_line' id='line_1_29' title="bbox 215 3049 1215 3105; baseline -0.005 -6"><span class='ocrx_word' id='word_1_262' title='bbox 215 3056 267 3100; x_wconf 76' lang='lat'>58.</span> <span class='ocrx_word' id='word_1_263' title='bbox 282 3054 454 3099; x_wconf 74' lang='lat' dir='ltr'>maximam</span> <span class='ocrx_word' id='word_1_264' title='bbox 467 3053 529 3097; x_wconf 82' lang='lat' dir='ltr'>eine</span> <span class='ocrx_word' id='word_1_265' title='bbox 543 3051 700 3094; x_wconf 79' lang='lat' dir='ltr'>exsistere</span> <span class='ocrx_word' id='word_1_266' title='bbox 714 3049 857 3094; x_wconf 82' lang='lat' dir='ltr'>oratoris</span> <span class='ocrx_word' id='word_1_267' title='bbox 870 3069 898 3083; x_wconf 94' lang='lat'><em>-</em></span> <span class='ocrx_word' id='word_1_268' title='bbox 908 3049 1041 3094; x_wconf 86' lang='lat' dir='ltr'>consistere</span> <span class='ocrx_word' id='word_1_269' title='bbox 1055 3049 1081 3092; x_wconf 85' lang='lat' dir='ltr'>lu</span> <span class='ocrx_word' id='word_1_270' title='bbox 1090 3049 1215 3105; x_wconf 88' lang='lat' dir='ltr'>prineipal</span> 
     </span>
     <span class='ocr_line' id='line_1_30' title="bbox 147 3119 1217 3179; baseline -0.003 -9"><span class='ocrx_word' id='word_1_271' title='bbox 147 3125 214 3171; x_wconf 82' lang='lat' dir='ltr'>torza</span> <span class='ocrx_word' id='word_1_272' title='bbox 230 3125 430 3179; x_wconf 79' lang='lat' dir='ltr'>dell&#39;eloquenze.</span> <span class='ocrx_word' id='word_1_273' title='bbox 445 3147 471 3155; x_wconf 95' lang='lat'><em>-</em></span> <span class='ocrx_word' id='word_1_274' title='bbox 484 3124 559 3168; x_wconf 86' lang='lat' dir='ltr'>aim.</span> <span class='ocrx_word' id='word_1_275' title='bbox 569 3156 588 3168; x_wconf 89' lang='lat'>..</span> <span class='ocrx_word' id='word_1_276' title='bbox 606 3132 725 3165; x_wconf 78' lang='lat' dir='ltr'>earnem</span> <span class='ocrx_word' id='word_1_277' title='bbox 739 3119 958 3164; x_wconf 81' lang='lat' dir='ltr'>hamanitatis</span> <span class='ocrx_word' id='word_1_278' title='bbox 972 3139 999 3153; x_wconf 89' lang='lat'>-</span> <span class='ocrx_word' id='word_1_279' title='bbox 1013 3119 1143 3173; x_wconf 78' lang='lat' dir='ltr'>tequalitt</span> <span class='ocrx_word' id='word_1_280' title='bbox 1153 3124 1217 3166; x_wconf 82' lang='lat' dir='ltr'>tutte</span> 
     </span>
     <span class='ocr_line' id='line_1_31' title="bbox 148 3196 520 3241; baseline -0.008 -1"><span class='ocrx_word' id='word_1_281' title='bbox 148 3196 213 3241; x_wconf 89' lang='lat' dir='ltr'>della</span> <span class='ocrx_word' id='word_1_282' title='bbox 224 3201 308 3241; x_wconf 88' lang='lat' dir='ltr'>nostra</span> <span class='ocrx_word' id='word_1_283' title='bbox 321 3209 411 3240; x_wconf 85' lang='lat' dir='ltr'>umuna</span> <span class='ocrx_word' id='word_1_284' title='bbox 425 3198 520 3239; x_wconf 86' lang='lat' dir='ltr'>natura.</span> 
     </span>
    </p>
   </div>
   <div class='ocr_carea' id='block_1_7' title="bbox 148 3284 1258 3411">
    <p class='ocr_par' dir='ltr' id='par_1_8' title="bbox 148 3284 1258 3411">
     <span class='ocr_line' id='line_1_32' title="bbox 214 3284 1258 3344; baseline -0.005 -8"><span class='ocrx_word' id='word_1_285' title='bbox 214 3292 266 3336; x_wconf 80' lang='lat'>54.</span> <span class='ocrx_word' id='word_1_286' title='bbox 289 3292 387 3344; x_wconf 83' lang='lat' dir='ltr'>loeas,</span> <span class='ocrx_word' id='word_1_287' title='bbox 408 3289 523 3343; x_wconf 86' lang='lat' dir='ltr'>capitolo.</span> <span class='ocrx_word' id='word_1_288' title='bbox 537 3310 563 3318; x_wconf 90' lang='lat'>-</span> <span class='ocrx_word' id='word_1_289' title='bbox 578 3298 657 3341; x_wconf 78' lang='lat' dir='ltr'>qaae</span> <span class='ocrx_word' id='word_1_290' title='bbox 672 3284 795 3338; x_wconf 85' lang='lat' dir='ltr'>(tractatio</span> <span class='ocrx_word' id='word_1_291' title='bbox 810 3284 936 3333; x_wconf 85' lang='lat' dir='ltr'>orationis)</span> <span class='ocrx_word' id='word_1_292' title='bbox 948 3285 1005 3329; x_wconf 83' lang='lat' dir='ltr'>sine</span> <span class='ocrx_word' id='word_1_293' title='bbox 1018 3284 1079 3338; x_wconf 85' lang='lat' dir='ltr'>itta,</span> <span class='ocrx_word' id='word_1_294' title='bbox 1092 3284 1144 3330; x_wconf 84' lang='lat' dir='ltr'>soil.</span> <span class='ocrx_word' id='word_1_295' title='bbox 1158 3286 1215 3332; x_wconf 78' lang='lat' dir='ltr'>sires</span> <span class='ocrx_word' id='word_1_296' title='bbox 1252 3284 1258 3299; x_wconf 86' lang='grc'><strong>“</strong></span> 
     </span>
     <span class='ocr_line' id='line_1_33' title="bbox 148 3354 1045 3411; baseline -0.009 -5"><span class='ocrx_word' id='word_1_297' title='bbox 148 3364 260 3407; x_wconf 80' lang='lat' dir='ltr'>illarum</span> <span class='ocrx_word' id='word_1_298' title='bbox 274 3375 365 3406; x_wconf 85' lang='lat' dir='ltr'>reram</span> <span class='ocrx_word' id='word_1_299' title='bbox 379 3361 495 3406; x_wconf 84' lang='lat' dir='ltr'>seientia.</span> <span class='ocrx_word' id='word_1_300' title='bbox 510 3357 558 3403; x_wconf 77' lang='lat' dir='ltr'>etr.</span> <span class='ocrx_word' id='word_1_301' title='bbox 572 3359 592 3411; x_wconf 84' lang='lat'>2,</span> <span class='ocrx_word' id='word_1_302' title='bbox 605 3359 625 3400; x_wconf 83' lang='grc'>7.</span> <span class='ocrx_word' id='word_1_303' title='bbox 639 3378 665 3386; x_wconf 91' lang='grc'>-</span> <span class='ocrx_word' id='word_1_304' title='bbox 680 3354 766 3410; x_wconf 80' lang='lat' dir='ltr'>neella,</span> <span class='ocrx_word' id='word_1_305' title='bbox 780 3368 847 3400; x_wconf 88' lang='lat' dir='ltr'>come</span> <span class='ocrx_word' id='word_1_306' title='bbox 864 3358 895 3409; x_wconf 82' lang='lat'>12,</span> <span class='ocrx_word' id='word_1_307' title='bbox 909 3358 935 3398; x_wconf 88' lang='lat'>50</span> <span class='ocrx_word' id='word_1_308' title='bbox 949 3354 1045 3408; x_wconf 78' lang='lat' dir='ltr'>(Sorob.</span> 
     </span>
    </p>
   </div>
   <div class='ocr_carea' id='block_1_8' title="bbox 130 3460 1259 3940">
    <p class='ocr_par' dir='ltr' id='par_1_9' title="bbox 145 3460 1259 3873">
     <span class='ocr_line' id='line_1_34' title="bbox 188 3460 1217 3517; baseline 0.001 -9"><span class='ocrx_word' id='word_1_309' title='bbox 188 3467 260 3517; x_wconf 70' lang='lat' dir='ltr'>cap.</span> <span class='ocrx_word' id='word_1_310' title='bbox 283 3465 379 3509; x_wconf 88' lang='lat' dir='ltr'>x111.</span> <span class='ocrx_word' id='word_1_311' title='bbox 401 3488 427 3495; x_wconf 87' lang='lat'>-</span> <span class='ocrx_word' id='word_1_312' title='bbox 449 3465 501 3508; x_wconf 73' lang='lat'>55.</span> <span class='ocrx_word' id='word_1_313' title='bbox 523 3461 774 3509; x_wconf 81' lang='lat' dir='ltr'>Aristotelem...</span> <span class='ocrx_word' id='word_1_314' title='bbox 799 3463 986 3515; x_wconf 79' lang='lat' dir='ltr'>scripsisse,</span> <span class='ocrx_word' id='word_1_315' title='bbox 1005 3460 1114 3506; x_wconf 82' lang='lat' dir='ltr'>eiobnel</span> <span class='ocrx_word' id='word_1_316' title='bbox 1133 3460 1177 3508; x_wconf 87' lang='lat' dir='ltr'>lib.</span> <span class='ocrx_word' id='word_1_317' title='bbox 1191 3463 1217 3509; x_wconf 91' lang='lat'>11</span> 
     </span>
     <span class='ocr_line' id='line_1_35' title="bbox 147 3528 1217 3585; baseline -0.001 -5"><span class='ocrx_word' id='word_1_318' title='bbox 147 3536 213 3580; x_wconf 86' lang='lat' dir='ltr'>della</span> <span class='ocrx_word' id='word_1_319' title='bbox 236 3535 355 3579; x_wconf 83' lang='lat' dir='ltr'>ltotorioa.</span> <span class='ocrx_word' id='word_1_320' title='bbox 375 3534 509 3578; x_wconf 79' lang='lat' dir='ltr'>Aristotele</span> <span class='ocrx_word' id='word_1_321' title='bbox 530 3545 626 3585; x_wconf 83' lang='lat' dir='ltr'>necque</span> <span class='ocrx_word' id='word_1_322' title='bbox 641 3545 656 3575; x_wconf 87' lang='lat' dir='ltr'>a</span> <span class='ocrx_word' id='word_1_323' title='bbox 674 3531 772 3583; x_wconf 80' lang='lat' dir='ltr'>Stagira</span> <span class='ocrx_word' id='word_1_324' title='bbox 790 3532 831 3576; x_wconf 90' lang='lat' dir='ltr'>nel</span> <span class='ocrx_word' id='word_1_325' title='bbox 852 3534 891 3575; x_wconf 82' lang='lat'>384</span> <span class='ocrx_word' id='word_1_326' title='bbox 905 3545 927 3576; x_wconf 84' lang='lat' dir='ltr'>a.</span> <span class='ocrx_word' id='word_1_327' title='bbox 942 3530 966 3576; x_wconf 83' lang='lat' dir='ltr'>G.</span> <span class='ocrx_word' id='word_1_328' title='bbox 981 3543 993 3575; x_wconf 92' lang='lat' dir='ltr'>e</span> <span class='ocrx_word' id='word_1_329' title='bbox 1008 3530 1070 3575; x_wconf 89' lang='lat' dir='ltr'>morl</span> <span class='ocrx_word' id='word_1_330' title='bbox 1084 3545 1100 3576; x_wconf 89' lang='lat' dir='ltr'>a</span> <span class='ocrx_word' id='word_1_331' title='bbox 1114 3528 1217 3579; x_wconf 71' lang='lat' dir='ltr'>(taleida</span> 
     </span>
     <span class='ocr_line' id='line_1_36' title="bbox 145 3600 1218 3651; baseline -0.002 0"><span class='ocrx_word' id='word_1_332' title='bbox 145 3605 289 3651; x_wconf 78' lang='lat' dir='ltr'>nell¹blubea</span> <span class='ocrx_word' id='word_1_333' title='bbox 304 3605 319 3649; x_wconf 92' lang='lat' dir='ltr'>il</span> <span class='ocrx_word' id='word_1_334' title='bbox 338 3607 384 3648; x_wconf 80' lang='lat'><strong>322.</strong></span> <span class='ocrx_word' id='word_1_335' title='bbox 398 3604 515 3648; x_wconf 87' lang='lat' dir='ltr'>Morendo</span> <span class='ocrx_word' id='word_1_336' title='bbox 530 3601 606 3647; x_wconf 85' lang='lat' dir='ltr'>lasoid</span> <span class='ocrx_word' id='word_1_337' title='bbox 621 3602 646 3645; x_wconf 83' lang='lat' dir='ltr'>la</span> <span class='ocrx_word' id='word_1_338' title='bbox 660 3600 783 3646; x_wconf 89' lang='lat' dir='ltr'>direzione</span> <span class='ocrx_word' id='word_1_339' title='bbox 803 3601 867 3645; x_wconf 83' lang='lat' dir='ltr'>della</span> <span class='ocrx_word' id='word_1_340' title='bbox 885 3616 930 3647; x_wconf 83' lang='lat' dir='ltr'>sua</span> <span class='ocrx_word' id='word_1_341' title='bbox 946 3602 1031 3646; x_wconf 83' lang='lat' dir='ltr'>seuola</span> <span class='ocrx_word' id='word_1_342' title='bbox 1048 3614 1061 3645; x_wconf 83' lang='lat' dir='ltr'>a</span> <span class='ocrx_word' id='word_1_343' title='bbox 1079 3600 1218 3649; x_wconf 75' lang='lat' dir='ltr'>Teofrasto.</span> 
     </span>
     <span class='ocr_line' id='line_1_37' title="bbox 146 3669 1218 3727; baseline -0.002 -6"><span class='ocrx_word' id='word_1_344' title='bbox 146 3677 170 3722; x_wconf 79' lang='lat' dir='ltr'>Si</span> <span class='ocrx_word' id='word_1_345' title='bbox 186 3675 237 3719; x_wconf 90' lang='lat' dir='ltr'>noti</span> <span class='ocrx_word' id='word_1_346' title='bbox 247 3674 291 3719; x_wconf 90' lang='lat' dir='ltr'>che</span> <span class='ocrx_word' id='word_1_347' title='bbox 302 3673 385 3727; x_wconf 83' lang='lat' dir='ltr'>quella</span> <span class='ocrx_word' id='word_1_348' title='bbox 395 3673 439 3718; x_wconf 92' lang='lat' dir='ltr'>ohe</span> <span class='ocrx_word' id='word_1_349' title='bbox 454 3673 585 3718; x_wconf 84' lang='lat' dir='ltr'>s&#39;intitola:</span> <span class='ocrx_word' id='word_1_350' title='bbox 600 3671 716 3715; x_wconf 83' lang='lat' dir='ltr'>Rotarioa</span> <span class='ocrx_word' id='word_1_351' title='bbox 730 3672 762 3715; x_wconf 84' lang='lat' dir='ltr'>ad</span> <span class='ocrx_word' id='word_1_352' title='bbox 776 3671 934 3726; x_wconf 70' lang='lat' dir='ltr'>alessandro,</span> <span class='ocrx_word' id='word_1_353' title='bbox 947 3684 996 3716; x_wconf 91' lang='lat' dir='ltr'>non</span> <span class='ocrx_word' id='word_1_354' title='bbox 1011 3669 1024 3716; x_wconf 76' lang='grc' dir='ltr'>ὲ</span> <span class='ocrx_word' id='word_1_355' title='bbox 1039 3670 1064 3715; x_wconf 90' lang='lat' dir='ltr'>di</span> <span class='ocrx_word' id='word_1_356' title='bbox 1073 3671 1218 3727; x_wconf 80' lang='lat' dir='ltr'>Aristotele,</span> 
     </span>
     <span class='ocr_line' id='line_1_38' title="bbox 147 3739 1218 3800; baseline -0.001 -10"><span class='ocrx_word' id='word_1_357' title='bbox 147 3761 194 3800; x_wconf 82' lang='lat' dir='ltr'>rna,</span> <span class='ocrx_word' id='word_1_358' title='bbox 209 3744 314 3789; x_wconf 87' lang='lat' dir='ltr'>secondo</span> <span class='ocrx_word' id='word_1_359' title='bbox 329 3745 352 3788; x_wconf 92' lang='lat' dir='ltr'>lo</span> <span class='ocrx_word' id='word_1_360' title='bbox 367 3743 480 3798; x_wconf 73' lang='lat' dir='ltr'>Spengel,</span> <span class='ocrx_word' id='word_1_361' title='bbox 494 3743 519 3787; x_wconf 91' lang='lat' dir='ltr'>di</span> <span class='ocrx_word' id='word_1_362' title='bbox 533 3740 693 3787; x_wconf 82' lang='lat' dir='ltr'>Annssimene</span> <span class='ocrx_word' id='word_1_363' title='bbox 709 3739 733 3784; x_wconf 91' lang='lat' dir='ltr'>di</span> <span class='ocrx_word' id='word_1_364' title='bbox 748 3742 891 3795; x_wconf 82' lang='lat' dir='ltr'>Lampsaco.</span> <span class='ocrx_word' id='word_1_365' title='bbox 905 3765 931 3772; x_wconf 87' lang='lat'><em>-</em></span> <span class='ocrx_word' id='word_1_366' title='bbox 950 3741 1218 3800; x_wconf 76' lang='lat' dir='ltr'>Theophrastum,</span> 
     </span>
     <span class='ocr_line' id='line_1_39' title="bbox 146 3807 1259 3873; baseline -0.002 -12"><span class='ocrx_word' id='word_1_367' title='bbox 146 3815 280 3868; x_wconf 79' lang='lat' dir='ltr'>boll’operu</span> <span class='ocrx_word' id='word_1_368' title='bbox 290 3813 395 3867; x_wconf 79' lang='lat' dir='ltr'>perdum</span> <span class='ocrx_word' id='word_1_369' title='bbox 413 3807 472 3873; x_wconf 79' lang='grc' dir='ltr'>περὶ</span> <span class='ocrx_word' id='word_1_370' title='bbox 489 3807 597 3869; x_wconf 78' lang='grc' dir='ltr'>λέξεως.</span> <span class='ocrx_word' id='word_1_371' title='bbox 619 3834 645 3841; x_wconf 92' lang='grc'>-</span> <span class='ocrx_word' id='word_1_372' title='bbox 660 3813 760 3856; x_wconf 83' lang='lat' dir='ltr'>totum</span> <span class='ocrx_word' id='word_1_373' title='bbox 775 3813 817 3856; x_wconf 88' lang='lat' dir='ltr'>sit</span> <span class='ocrx_word' id='word_1_374' title='bbox 832 3826 848 3855; x_wconf 91' lang='lat' dir='ltr'>a</span> <span class='ocrx_word' id='word_1_375' title='bbox 864 3825 908 3855; x_wconf 87' lang='lat' dir='ltr'>me</span> <span class='ocrx_word' id='word_1_376' title='bbox 921 3832 947 3845; x_wconf 96' lang='lat'>-</span> <span class='ocrx_word' id='word_1_377' title='bbox 961 3812 1031 3865; x_wconf 84' lang='lat' dir='ltr'>provi</span> <span class='ocrx_word' id='word_1_378' title='bbox 1042 3811 1218 3859; x_wconf 81' lang='lat' dir='ltr'>inferormlo.</span> <span class='ocrx_word' id='word_1_379' title='bbox 1252 3816 1259 3863; x_wconf 83' lang='grc'>,’</span> 
     </span>
    </p>

    <p class='ocr_par' dir='ltr' id='par_1_10' title="bbox 130 3874 1215 3940">
     <span class='ocr_line' id='line_1_40' title="bbox 130 3874 1215 3940; baseline 0.002 -10"><span class='ocrx_word' id='word_1_380' title='bbox 130 3874 168 3931; x_wconf 73' lang='lat' dir='ltr'>La</span> <span class='ocrx_word' id='word_1_381' title='bbox 181 3901 256 3940; x_wconf 74' lang='lat' dir='ltr'>prora</span> <span class='ocrx_word' id='word_1_382' title='bbox 273 3901 290 3930; x_wconf 84' lang='lat' dir='ltr'>a</span> <span class='ocrx_word' id='word_1_383' title='bbox 304 3900 377 3931; x_wconf 81' lang='lat' dir='ltr'>serre</span> <span class='ocrx_word' id='word_1_384' title='bbox 393 3885 496 3931; x_wconf 83' lang='lat' dir='ltr'>talvolta</span> <span class='ocrx_word' id='word_1_385' title='bbox 511 3884 635 3931; x_wconf 76' lang='lat' dir='ltr'>sindicus</span> <span class='ocrx_word' id='word_1_386' title='bbox 654 3885 738 3928; x_wconf 83' lang='lat' dir='ltr'>favore</span> <span class='ocrx_word' id='word_1_387' title='bbox 754 3899 768 3930; x_wconf 93' lang='lat' dir='ltr'>o</span> <span class='ocrx_word' id='word_1_388' title='bbox 784 3885 905 3929; x_wconf 77' lang='lat' dir='ltr'>odor-euzo</span> <span class='ocrx_word' id='word_1_389' title='bbox 919 3899 934 3929; x_wconf 86' lang='lat' dir='ltr'>a</span> <span class='ocrx_word' id='word_1_390' title='bbox 949 3899 980 3929; x_wconf 94' lang='lat' dir='ltr'>un</span> <span class='ocrx_word' id='word_1_391' title='bbox 995 3884 1086 3938; x_wconf 86' lang='lat' dir='ltr'>partito</span> <span class='ocrx_word' id='word_1_392' title='bbox 1097 3895 1120 3931; x_wconf 83' lang='lat' dir='ltr'>&#39;o</span> <span class='ocrx_word' id='word_1_393' title='bbox 1136 3899 1151 3930; x_wconf 79' lang='lat' dir='ltr'>s</span> <span class='ocrx_word' id='word_1_394' title='bbox 1165 3901 1215 3933; x_wconf 88' lang='lat' dir='ltr'>uno</span> 
     </span>
    </p>
   </div>
   <div class='ocr_carea' id='block_1_9' title="bbox 0 0 1271 4246">
    <p class='ocr_par' dir='ltr' id='par_1_11' title="bbox 0 0 1271 4246">
     <span class='ocr_line' id='line_1_41' title="bbox 0 0 1271 4246; baseline 0 0"><span class='ocrx_word' id='word_1_395' title='bbox 0 0 1271 4246; x_wconf 95' lang='lat' dir='ltr'> </span> 
     </span>
    </p>
   </div>
  </div>
 </body>
</html>
