2558 4236
170 157 221 209 ltts
540 167 573 205 n.
593 166 697 205 ιιί,ιιι
715 164 879 207 emenonis

171 284 286 339 tantnin
320 273 452 337 stadinin
481 271 572 337 inisse
602 281 763 355 tantusque
789 271 876 336 labot·
901 270 1030 347 dieitur,
1056 282 1094 337 nt
1115 271 1235 357 primun
1274 324 1277 329 .

170 376 387 461 inipotliinenta
400 386 526 441 natutae
537 373 693 457 diligentia
706 373 915 458 industriaque
926 382 1107 458 supemiet3
1123 390 1235 457 onmqoe
1276 410 1278 415 ·

169 479 207 542 itn
234 478 340 543 baibns
363 488 450 553 esset,
473 488 506 541 nt
528 477 593 541 eins
616 476 710 561 ipsios
726 475 808 554 aitis,
825 475 872 541 eni
888 475 1037 551 studeret,
1052 475 1187 561 primam
1200 476 1236 541 lit·
1274 506 1277 513 ·

168 592 263 646 tenant
290 600 349 645 noti
372 591 471 667 posset
494 579 603 653 dinone,
626 578 751 663 perfecit
769 578 953 655 meditando,
969 589 1004 644 nt
1020 598 1117 645 nenio
1130 579 1239 664 planus·
1273 598 1277 603 ·

92 702 138 751 ent
168 704 233 748 esse
248 685 363 748 loontns
381 694 552 767 putaretur:
596 681 715 758 deinde,
731 701 801 747 oum
820 681 945 766 spiritns
966 681 1034 747 eins
1056 692 1140 748 esset
1159 702 1234 769 angn-

168 786 250 859 stioi·‚
275 796 393 851 tantuin
416 785 597 850 continenda
621 785 722 849 aniana
746 785 778 848 in
801 783 927 850 dicendo
949 794 995 849 est
1021 784 1191 862 adsecutus,
1208 794 1233 851 nt
1272 804 1278 809 ·

169 909 229 953 nna
251 888 478 954 continuatione
501 888 676 964 verbonnn,
700 888 730 952 io
753 887 834 972 qnod
856 887 922 952 eins
944 887 1057 973 scripta
1080 888 1232 963 deolannt,

169 991 258 1056 binae
280 992 307 1056 ei
331 992 537 1056 contentiones
560 991 640 1055 vonis
662 1000 692 1055 et
715 990 909 1055 remissiones
923 989 1230 1077 eontinei'entnnqn'

167 1092 268 1161 atiani.
287 1103 318 1157 nt
332 1092 496 1157 momoriae
507 1092 662 1178 proditnin
674 1102 728 1169 est,
740 1091 880 1157 oonieotis
892 1092 922 1155 in
934 1112 967 1156 os
977 1093 1115 1170 calculis,
1128 1112 1233 1159 sunnon

169 1216 239 1259 voco
264 1216 368 1259 sensns
393 1197 502 1259 ntnttos
526 1215 585 1258 nno
607 1194 717 1279 spiritu
735 1195 935 1279 pronuntiate
949 1196 1179 1274 consuesceban
1193 1216 1234 1261 nt·

167 1320 226 1382 qno
250 1298 273 1361 is
296 1297 460 1362 oonsistens
485 1298 514 1360 in
539 1299 611 1369 loeo,
635 1295 686 1361 sed
710 1296 902 1362 inambulans
923 1308 1015 1382 atque
1037 1298 1233 1365 adscensnitt·

92 1416 141 1465 nn
166 1400 306 1485 ganniens
329 1399 434 1464 nanno.
473 1398 556 1463 liin-o
571 1419 625 1483 ogo
640 1399 906 1476 cohortationibus
922 1397 1038 1476 Crasse,
1054 1401 1096 1465 ad
1111 1401 1233 1468 studinn

167 1514 194 1566 ot
208 1503 244 1567 att
260 1504 393 1566 inlinient
408 1501 575 1565 innitanttos
593 1502 716 1566 invenes
733 1502 930 1566 vehementer
945 1502 1121 1581 adsentior3
1137 1516 1234 1581 oeten,

167 1626 245 1689 qnae
267 1605 410 1689 vottogisti
435 1625 470 1669 ex
494 1604 587 1667 variis
609 1614 638 1668 et
661 1604 789 1668 divensis
811 1604 918 1669 studiis
936 1615 966 1670 et
980 1606 1112 1682 artibus,
1129 1606 1235 1673 tamen

167 1708 231 1791 ipso
254 1732 285 1769 os
307 1708 409 1771 oninit
433 1717 620 1783 consonas,
646 1718 745 1771 tainon
769 1707 808 1771 ab
837 1708 965 1772 oratoris
990 1711 1122 1794 proprio
1148 1710 1237 1776 officio

167 1820 258 1895 atqne
282 1830 408 1875 inninno
431 1810 563 1874 seinneta
587 1830 651 1875 esse
673 1810 813 1874 arbitron.

214 1912 323 1978 nxn.
348 1912 423 1976 nata
444 1933 511 1976 enni
537 1913 682 1977 :totonins
704 1912 837 1991 dixisset,
854 1933 926 1977 sane
941 1913 1086 1980 dubitare
1103 1918 1187 1983 visns
1201 1928 1240 1983 est

167 2015 317 2099 Sntninins
333 2025 359 2078 ot
377 2014 470 2085 tlotta,
488 2015 584 2079 nttins
600 2015 695 2079 oratio
710 2015 836 2100 propios
851 2014 889 2080 ad
904 2016 1065 2082 venitatem
1087 2019 1239 2096 videretur
1259 2073 1260 2076 ,

90 2131 141 2177 ‘nn
166 2118 314 2182 avenione.
359 2117 437 2181 'l'nin
460 2116 597 2182 Crassos:
621 2117 804 2203 Opeianinin
827 2119 915 2183 nobis
936 2120 1106 2204 quendam,
1123 2122 1240 2200 Antoni,

166 2232 316 2287 oratonont
341 2221 419 2296 t'anis,
443 2231 533 2305 atque
559 2221 638 2285 band
661 2222 720 2285 seio
743 2241 782 2285 an
805 2222 893 2286 aliter
915 2223 1028 2287 sentias
1043 2234 1074 2288 et
1090 2236 1241 2293 ntatetna

167 2324 216 2387 itta
242 2324 369 2387 ininitioa
392 2324 429 2387 att
449 2323 652 2387 int'etlondnin
675 2325 901 2401 eonsuetudine,
925 2345 984 2409 qna
1008 2325 1061 2390 tibi
1082 2348 1179 2396 nenio
1194 2350 1242 2396 nn·

165 2447 255 2511 quani
280 2426 442 2511 praestitin
466 2426 550 2490 cuins
573 2425 697 2510 qnidein
713 2426 808 2510 ipsios
824 2426 971 2492 facultatis
986 2429 1169 2498 exercitatio
1184 2454 1243 2499 nn-

167 2540 263 2592 tonnn
296 2529 418 2613 propria
447 2539 500 2599 ost,
529 2528 580 2592 seit
605 2529 663 2592 iani
690 2528 718 2591 in
744 2529 997 2614 pbilosopbotnm
1020 2536 1244 2603 consuetudine

167 2640 303 2693 inisattn·
330 2632 524 2715 ntaxinioqno
551 2651 673 2707 nonnin,
703 2631 754 2725 qni
785 2631 823 2697 de
850 2632 933 2696 oinni
962 2653 996 2698 re
1022 2640 1187 2722 proposita
1216 2642 1244 2705 in

88 2750 133 2799 ;·’
165 2744 327 2817 ntiainqno
349 2744 467 2817 partein
492 2737 586 2799 soient
611 2734 815 2819 eopiosissiine
829 2735 937 2801 dicere.
976 2734 1095 2803 Votum
1112 2761 1172 2829 ego
1188 2764 1245 2810 non

166 2950 190 2957 -
207 2927 215 2969 ι’
220 2926 311 2979 niped
317 2926 438 2970 [attente
460 2930 606 2970 nonturno.
628 2926 678 2969 (be
693 2926 758 2969 fosso
773 2927 938 2983 balbutiente,
952 2928 996 2974 ohe
1011 2943 1059 2975 non
1075 2946 1188 2988 sapesso,
1202 2938 1247 2984 ben

166 2996 326 3049 pnoniniziano
347 2996 362 3039 it
386 3008 406 3054 ρ.
421 2997 473 3040 aiat
496 2999 551 3041 eins
572 2998 658 3051 ipsine
680 2998 759 3049 ortis,
779 3000 822 3042 oni
841 3000 972 3054 studeret,
990 3002 1116 3055 primam
1138 3008 1246 3055 literam

164 3063 317 3129 (ῥητορική).
333 3071 376 3115 otio
397 3073 462 3115 fosso
478 3073 565 3116 ‹ti—bolo
582 3072 605 3115 ili
622 3072 678 3115 flato
694 3088 707 3115 o
723 3073 745 3116 di
765 3087 837 3127 sono,
851 3074 896 3119 ohe
919 3088 1030 3120 movesno
1052 3084 1249 3131 soonvsniente-

165 3151 244 3187 inontt·
261 3144 282 3186 ti·
298 3143 385 3196 spano,
400 3157 446 3187 non
463 3144 474 3183 t
490 3144 537 3187 bon
553 3150 627 3186 nerto.
641 3144 679 3186 Aa
695 3145 752 3193 oeni
769 3145 849 3198 inodo,
858 3147 938 3199 questi
954 3147 984 3193 ed
1000 3148 1056 3192 altri
1067 3154 1249 3203 anedtlotiobo

165 3218 188 3261 ili
205 3218 237 3261 ini
254 3219 273 3261 si
290 3233 403 3271 nari-ano,
417 3219 467 3263 voi-i
484 3233 497 3261 o
514 3232 552 3271 no,
566 3232 625 3262 sono
641 3232 719 3272 prona
734 3221 798 3265 notia
814 3235 859 3265 sua
873 3221 973 3267 volontb
987 3228 1074 3268 tennes
1091 3239 1106 3269 e
1122 3228 1249 3283 vigorosa.

231 3308 299 3350 nol.
314 3320 382 3351 enin
400 3308 543 3361 spiritus
563 3308 632 3350 eins
653 3312 736 3351 esset
755 3310 928 3362 attnnstior
941 3311 1249 3369 messendoeglistretto

164 3378 187 3420 ili
205 3383 280 3430 patto.
296 3402 320 3407 -
335 3379 457 3431 (titiana,
472 3378 487 3421 il
503 3378 605 3431 respiro.
626 3401 651 3407 —
673 3392 736 3422 iana
758 3381 1006 3426 continuatione
1026 3386 1207 3435 vorborum
1225 3412 1250 3426 -

165 3449 187 3491 in
204 3462 234 3491 nn
251 3449 303 3491 soto
319 3462 331 3492 e
348 3449 480 3492 nnilosinio
495 3448 605 3502 poi-indo,
621 3449 643 3492 in
659 3463 708 3493 una
725 3458 805 3494 stesso
819 3451 1005 3515 eontinnnzione
1020 3452 1045 3498 di
1061 3458 1154 3508 parole
1170 3462 1249 3517 ospit-

165 3518 237 3562 nitenti
254 3532 285 3561 nn
302 3532 373 3561 senso
389 3519 521 3571 eonipinto.
536 3543 561 3549 --
583 3522 805 3565 contentiones
827 3524 913 3567 eoois
935 3527 962 3567 et
983 3526 1206 3578 remissiones
1224 3552 1249 3567 -

164 3588 294 3631 atnnnienti
318 3604 330 3631 o
353 3588 536 3633 ntitinssanienti
560 3590 584 3633 iti
606 3604 673 3634 sono.
695 3615 720 3622 —
742 3605 864 3636 sumana
886 3606 956 3638 voce
977 3615 1003 3628 π
1025 3595 1056 3639 nd
1071 3596 1141 3654 alta,
1155 3616 1172 3645 n
1187 3616 1247 3657 gran
1273 3608 1276 3613 '

164 3672 230 3703 vose.
245 3682 270 3688 -
285 3672 347 3704 nno
369 3661 494 3714 spiritn-
508 3681 535 3694 ·=
551 3661 606 3705 ‹l'nn
622 3661 687 3706 finni.
701 3686 728 3694 -
747 3664 906 3710 adscensu
928 3666 1120 3720 inarediens
1143 3676 1247 3721 ardiso
1275 3664 1278 3675 '

165 3750 190 3763 ==
205 3730 309 3775 t'noeinio
325 3731 472 3783 nialagevoli
489 3732 568 3777 sniito.

205 3817 441 3871 cap.nxt1.-
455 3821 528 3864 ⁶2⁰3.
545 3820 749 3875 operarium,
763 3837 785 3867 v.
800 3830 810 3873 t
825 3826 859 3868 83.
874 3848 901 3855 -
919 3826 952 3870 in
973 3829 1151 3885 utramque
1173 3846 1245 3887 par-

156 3893 218 3933 lem
235 3889 304 3935 valo:
314 3903 363 3945 pro
379 3903 392 3935 e
407 3894 499 3938 contro.
515 3891 534 3937 E
550 3892 556 3936 i
574 3892 662 3938 fitosott
686 3893 753 3938 notia
772 3908 854 3940 nuovo
875 3895 1025 3942 Aeaanemia
1043 3898 1169 3949 innovatio
1185 3904 1240 3959 quel
