2526 4246
1 11 105 36 '⁷'
137 14 140 19 ·
1210 12 1220 67 r·

66 62 143 140 ,⁹18
331 162 356 182 Ψ
477 100 510 138 rr.
530 98 635 138 ructu
654 65 816 143 crounoous
934 146 946 169 ι,
993 157 1028 189 «a

66 227 83 279 2
109 112 328 319 aetatis&
350 202 538 269 constitisset.
584 203 791 297 Quamsgrem
809 178 1023 319 cogitationum
1039 211 1069 266 et
1084 201 1177 274 consi.

109 308 221 373 liorum
237 325 377 372 meorum
392 326 460 372 cum
477 324 584 391 graves
606 282 814 397 communium
830 307 1004 389 temporum
1019 313 1085 368 tum
1100 303 1177 368 rarii

71 384 91 452 s<
108 407 204 473 nostri
227 428 311 473 casus
333 404 515 473 fefellerunt.
539 404 614 471 Nam
636 404 689 490 qui
711 406 793 471 locus
815 405 924 490 quietis
953 413 983 470 et
1006 404 1179 490 tranquilli-

109 509 178 574 tatis
200 509 395 595 plenissimus
417 509 482 574 soro
503 507 673 584 ridebatur,
696 506 729 571 in
752 527 787 572 eo
809 507 961 573 maximae
975 508 1071 573 moles
1085 509 1179 575 mole-

110 612 237 676 stiarum
271 620 301 676 et
320 609 606 677 'turbulentissimae
642 616 836 695 tempestates
862 609 1052 675 exstiterunt.
1075 608 1179 694 Neque

109 733 183 777 vero
206 713 292 778 nobis
314 712 505 797 cupientibus
527 720 617 796 atque
638 711 852 797 exoptantibus
878 710 992 777 fructus
1014 710 1199 902 offls‘

110 825 154 880 est
176 815 214 880 ad
236 836 286 880 eas
308 824 388 880 artes
410 814 520 899 quibus
548 856 552 871 2
580 812 684 899 pueris
711 812 805 878 dediti
832 813 954 889 inimus,
982 814 1051 889 cele
1089 785 1133 885 Η,
1146 833 1180 877 as
1191 798 1220 853 1⁶-

66 934 84 990 3
112 917 317 1000 internosque
329 915 500 1009 recolend
582 935 631 979 am
642 915 743 1000 prima
754 924 850 980 aetate
863 913 1024 980 incidimus
1034 914 1067 978 in
1079 914 1181 1000 ipsam

109 1018 371 1103 perturbationem
392 835 712 1135 disiiffieteris
725 1027 754 1082 et
776 1018 933 1089 consulatu
948 1017 1129 1082 devenimus
1145 1017 1179 1080 in

86 1120 247 1185 ,medium
276 1138 380 1185 rerum
406 1120 544 1187 oninium
572 1129 725 1184 certamen
752 1129 842 1203 atque
868 1108 1047 1195 dimisissem}
1069 1129 1099 1183 et
1122 1119 1181 1183 boc

66 1213 69 1217 ’
110 1231 231 1306 tempus
252 1240 343 1285 omne
364 1231 432 1306 post
453 1222 642 1287 consulatum
657 1219 821 1285 obiecimus
836 1220 873 1283 iis
890 1219 1038 1296 ductibus
1054 1220 1107 1304 qui
1122 1238 1181 1306 per

111 1341 166 1386 nos
188 1343 205 1387 a
226 1321 379 1387 communi
402 1332 486 1407 peste
508 1320 826 1437 deportet-unstnosmet
852 1321 932 1406 ipsos
940 1319 1180 1511 &undarent

31 1467 38 1478 ·
111 1423 170 1489 Sed
192 1433 295 1488 tamen
317 1424 349 1488 in
372 1425 416 1488 eis
437 1425 486 1489 vel
509 1386 848 1521 aspcbtt'btbu‘sbrerum
868 1425 917 1488 vel
1010 1406 1086 1487 ‘biis
1105 1433 1182 1489 tem-

109 1525 193 1612 poris
215 1525 364 1610 obsequar
386 1525 492 1591 studiis
515 1515 624 1591 nostris
647 1535 676 1589 ct
698 1535 847 1609 quantum
868 1524 946 1589 mihi
961 1524 1108 1631 relicuus
1122 1524 1183 1590 ini-

110 1628 260 1694 micorum
281 1629 329 1692 vel
352 1648 458 1692 causae
480 1626 646 1691 amicorum
668 1627 719 1698 vel,
741 1646 789 1691 res
803 1624 924 1712 publica
938 1625 1053 1692 tribuet
1069 1627 1123 1692 otii
1140 1629 1181 1692 ad

60 1722 85 1800 ’4
111 1727 305 1795 scribendum
326 1729 519 1813 potissimum
539 1727 702 1792 conseram.
747 1727 814 1792 Tibi
837 1748 920 1804 vero,
948 1728 976 1792 fr
1053 1738 1180 1815 ‘neque

112 1829 245 1895 hortanti
268 1828 359 1895 deero
381 1848 481 1913 neque
503 1829 629 1915 roganti.
653 1828 727 1893 Nam
764 1849 863 1915 neque
896 1838 981 1896 aucto
1007 1818 1020 1839 *⁴
1099 1832 1181 1916 quis-

111 1920 203 2016 quam
225 1929 306 2017 apud
328 1951 379 1995 me
400 1932 469 2015 plus
491 1931 594 1995 valere
615 1939 645 1994 te
666 1939 765 2015 potest
788 1951 885 2015 neque
907 1729 1082 2027 robob&

154 2034 204 2098 11.
228 2033 266 2098 bc
287 2032 364 2097 mihi
387 2030 552 2116 repetenda
574 2042 619 2096 est
637 2030 748 2096 veteris
763 2032 919 2098 cuiusdam
934 2018 1100 2100 menidiibe
1114 2053 1178 2100 non

111 2154 184 2200 sane
206 2134 277 2199 satis
302 2132 450 2233 explicata
476 2131 652 2209 recordatio,
679 2131 741 2209 sed,
767 2143 801 2199 ut
826 2133 967 2212 arbitror,
993 2144 1063 2220 apta
1085 2134 1123 2201 ad
1146 2135 1178 2202 id

415 2220 420 2235 ¹

314 2220 420 2283 Ninbin'

412 2316 417 2331 ι

178 2385 209 2428 2.
228 2397 342 2438 aravos
360 2382 575 2428 communium
593 2385 772 2443 temporum
786 2381 839 2427 cioe
849 2395 939 2437 <casus
952 2383 1067 2430 mossims
1082 2384 1107 2430 la
1121 2396 1178 2430 con·

111 2452 183 2505 giura
197 2452 221 2497 di
236 2453 348 2498 Catilina.
361 2477 389 2484 -
408 2453 496 2498 corii
515 2452 624 2497 nostri
644 2464 746 2507 casus,
768 2451 821 2497 ciob
842 2453 865 2498 le
886 2467 930 2513 sue
952 2458 1053 2500 contose
1073 2455 1177 2509 private,

65 2568 68 2575 ,
111 2521 194 2576 specio
209 2535 255 2567 oon
270 2523 369 2568 Vatinio
385 2536 398 2567 s
413 2535 458 2566 oon
472 2521 499 2564 P.
515 2521 607 2565 Clodio.
621 2545 648 2552 -
666 2521 697 2566 N
698 2535 748 2565 um
769 2524 823 2578 qui
843 2523 932 2568 locus
947 2521 1000 2568 coo¹
1014 2523 1079 2570 Note
1092 2524 1177 2570 l’ullit·

111 2593 234 2637 torozione
249 2593 273 2636 in
288 2593 335 2637 due
350 2591 433 2643 luoghi
449 2590 473 2632 di
489 2595 575 2643 questo
589 2590 703 2643 periodo:
718 2591 743 2634 in
753 2594 886 2638 mammae
899 2594 979 2639 moles
992 2595 1176 2641 molestiarum

110 2676 124 2706 s
138 2662 163 2705 in
177 2663 420 2706 turbulentissimae
434 2656 607 2714 tempestates.
621 2682 647 2690 -
660 2661 790 2714 fructus
812 2663 877 2708 otii.
893 2663 941 2708 Cir.
956 2664 988 2717 11,
1002 2667 1022 2716 5.
1035 2667 1069 2710 22.

176 2749 207 2793 8.
225 2748 337 2803 primu
357 2749 476 2800 aetate,
493 2745 591 2799 quondo
605 2745 665 2799 eice,
677 2750 803 2802 rontonno,
813 2749 875 2796 'ebbe
886 2748 1000 2796 eredere
1010 2751 1033 2795 lo
1044 2764 1133 2805 guerre
1143 2753 1177 2798 oi·

109 2818 153 2862 vili
167 2818 193 2863 di
207 2818 292 2873 Cinna,
305 2817 330 2863 di
344 2817 422 2861 Mario
433 2828 446 2860 o
457 2815 481 2859 di
492 2815 558 2860 Silla.
572 2819 894 2871 —perturbationem
915 2821 1116 2877 disciplinae
1133 2837 1177 2869 oe·

109 2889 189 2934 ieris
205 2888 218 2932 b
232 2889 374 2933 corruzions
389 2886 454 2938 degli
470 2886 560 2930 antichi
576 2887 686 2942 costumi,
696 2901 717 2942 o,
729 2902 797 2937 come
808 2891 864 2935 altri
879 2891 1022 2946 interprete,
1036 2892 1177 2938 dell'sntico
1211 2901 1215 2910 ·

109 2958 270 3004 costituziono
281 2957 409 3004 risormats
423 2957 455 3001 do
469 2956 535 3003 silla.
545 2980 571 2989 -
585 2961 747 3004 certamen
764 2965 860 3015 atque
876 2963 1051 3007 discrimen
1065 2963 1177 3009 formano

109 3028 222 3080 endiadi,
236 3041 250 3074 e
263 3029 381 3082 vulgono:
401 3028 464 3073 lotis
482 3028 617 3073 turbinoos·
631 3052 659 3059 -
680 3029 713 3074 in
733 3032 872 3075 medium
896 3045 1047 3091 rernm..,
1064 3034 1178 3080 discri-

108 3112 192 3152 men;
213 3101 280 3145 nella
300 3099 419 3153 congium
439 3099 464 3143 di
485 3098 597 3144 Catilina.
619 3122 644 3130 -
668 3100 724 3144 ltoc
746 3106 886 3156 tempus.
901 3137 906 3148 .
921 3138 927 3150 .
942 3104 1177 3157 redundarent,

107 3169 206 3223 perche
219 3182 293 3222 proso
309 3169 333 3213 di
348 3169 410 3215 mira
429 3169 469 3213 dni
489 3183 532 3214 suo
552 3169 659 3222 ospitale
680 3170 775 3216 nemico
790 3172 878 3216 Publio
897 3171 981 3217 Clodio
997 3185 1043 3217 con
1056 3186 1106 3218 uns
1119 3189 1177 3228 pro-

108 3243 182 3290 posta
197 3238 221 3283 di
235 3240 323 3294 leges,
335 3252 381 3293 per
395 3252 455 3284 orer
468 3238 595 3292 ordinatu,
609 3251 682 3283 senza
696 3241 808 3293 regolare
826 3241 949 3294 grunnio,
961 3243 986 3286 is
1000 3247 1077 3287 morte
1093 3244 1117 3288 di
1132 3246 1178 3289 cit-

107 3307 185 3352 tadini
200 3309 301 3360 romoni,
315 3309 368 3359 ciob
383 3309 408 3354 di
422 3309 534 3363 Lentulo,
548 3308 639 3362 detego
654 3322 667 3353 s
682 3310 739 3354 altri
753 3311 814 3356 socii
828 3311 854 3355 di
868 3310 980 3366 Catilina,
994 3311 1056 3357 doro
1071 3314 1177 3360 esulure.

106 3399 133 3408 -
143 3381 247 3432 peste,
260 3379 301 3424 nel
316 3392 388 3424 senso
402 3380 519 3433 generale
530 3379 566 3423 di:
580 3378 674 3434 rovins,
692 3380 849 3426 distrusione.

174 3481 204 3524 4.
219 3483 395 3536 volentate,
409 3483 452 3536 qui
461 3483 516 3527 vole
531 3482 652 3527 benevolo
666 3483 837 3547 disposizione.
851 3485 882 3529 Vi
897 3499 940 3534 son
955 3485 1021 3532 nomi
1032 3485 1056 3532 in
1066 3487 1151 3545 lutino,
1161 3504 1177 3535 s.

106 3551 210 3596 rendere
225 3552 233 3596 i
247 3552 316 3606 quali
331 3551 344 3597 ὸ
359 3552 468 3598 mootieri
483 3553 508 3598 di
521 3567 554 3598 un
569 3566 639 3598 nome
655 3554 756 3599 italiano
771 3568 784 3600 o
799 3555 823 3600 di
838 3569 871 3600 un
885 3557 1019 3610 aggottivo.

147 3655 221 3708 Cup.
236 3657 283 3701 11.
299 3680 325 3688 -
343 3658 463 3702 oeteris
485 3659 657 3703 cuiusdam
679 3661 887 3707 memoriae...
904 3661 1176 3721 lotonoi2mieduopo

106 3724 213 3778 ripetere
228 3726 267 3771 cib
281 3726 326 3772 che
340 3741 390 3772 uns
402 3727 471 3772 volta
484 3729 517 3773 nri
532 3727 628 3773 ricordo
643 3729 668 3773 di
683 3741 742 3774 orer
751 3734 866 3786 pensato,
880 3744 920 3776 ma
934 3731 978 3777 ohe
992 3730 1024 3778 nb
1037 3732 1062 3780 io
1071 3733 1103 3781 nb
1116 3735 1176 3787 altri

106 3795 220 3842 abbiamo
235 3810 280 3851 por
294 3809 356 3843 anco
372 3797 493 3852 spiegeto.
