2526 4246
233 176 277 215 nn
294 175 441 216 onxronn
458 177 522 216 nra.
541 177 562 225 1,
583 175 653 217 cnr.
673 177 802 226 nri-nrm,
824 177 941 227 xancton
1093 163 1127 217 95

49 279 177 346 dixisset
194 281 322 346 illorum
344 280 475 346 orbitati.
499 280 613 366 ltaque,
628 302 698 348 cum
713 292 743 348 et
761 282 877 348 invidia
892 291 923 348 et
936 282 1006 348 odio
1020 283 1125 368 populi

50 394 118 448 tom
141 380 236 449 Galba
257 394 462 469 premeretur,
486 383 568 449 bisce
589 404 660 449 enm
683 384 844 470 tragoediis
867 384 1030 450 liberatum
1053 385 1128 450 fere

52 485 120 564 bat;
152 485 234 570 qnod
260 485 335 550 item
361 485 442 571 apud
472 483 617 551 Catonem
643 486 789 571 scriptum
816 506 881 552 esse
902 486 1002 564 video,
1032 487 1126 552 «nisi

58 616 72 642 «
90 587 196 672 pueris
217 598 249 653 et
271 587 404 653 lacrimis
426 609 499 654 usus
514 598 601 665 esset,
617 609 731 674 poenas
746 609 816 655 eum
831 589 975 655 daturum
989 589 1089 655 fuisse.
1106 618 1120 647 a

52 689 129 757 llaec
152 690 283 757 Rutilius
306 691 395 757 valde
416 691 610 776 vituperabat
631 702 661 758 et
677 692 748 757 buic
763 692 928 758 humilitati
944 691 1062 758 dicebat
1077 694 1125 758 vel

51 793 195 860 exsilium
217 793 310 860 baisse
332 795 380 860 vel
402 804 535 859 mortem
557 795 812 880 anteponendam.
857 793 960 880 Neque
982 815 1055 861 vero
1071 795 1128 860 hoc
1153 799 1204 854 229

52 898 152 962 solum
169 895 256 973 dixit,
282 896 334 961 sed
357 896 423 982 ipse
444 906 474 961 et
496 897 591 962 sensit
612 906 642 962 et
664 897 741 962 lecit.
765 896 850 974 Nam,
876 918 945 963 cum
974 907 1052 963 esset
1074 897 1127 962 ille

53 999 100 1063 vir
121 1001 310 1085 exemplum,
333 1009 368 1065 nt
389 999 478 1077 scitis,
502 1001 694 1072 innocentiae
708 1020 837 1086 cumque
853 1001 906 1079 illo
921 1021 1011 1066 nemo
1027 1019 1127 1085 neque

53 1101 200 1188 integrior
220 1111 299 1167 esset
322 1101 354 1166 in
376 1101 496 1167 civitate
519 1122 619 1188 neque
640 1103 779 1180 sanctior,
800 1123 862 1168 non
884 1103 974 1168 modo
997 1105 1126 1189 supplex

54 1204 202 1270 indicibus
224 1225 290 1270 esse
314 1205 425 1282 noluit,
456 1205 508 1271 sed
537 1226 577 1271 ne
603 1206 740 1272 ornatius
769 1206 893 1291 quidem
921 1217 972 1271 aut
999 1206 1126 1272 liberius

53 1327 171 1373 causam
184 1306 240 1372 dici
254 1326 351 1384 suam,
364 1327 456 1392 quam
469 1308 599 1393 simplex
613 1309 689 1374 ratio
702 1309 837 1375 veritatis
849 1308 974 1374 ferebat.
997 1308 1125 1374 Paulum

56 1410 123 1476 huic
145 1408 248 1475 Cottae
269 1409 378 1475 tribuit
399 1411 543 1495 partium,
567 1411 766 1476 disertissimo
791 1411 986 1487 adulescenti,
1014 1412 1125 1476 sororis

55 1533 125 1579 suae
147 1513 220 1579 filio.
265 1512 350 1577 Dixit
367 1513 441 1578 item
463 1534 585 1580 causam
607 1516 691 1580 illam
708 1515 839 1600 quadam
855 1536 891 1580 ex
910 1525 997 1599 parte
1013 1514 1047 1597 Q.
1064 1514 1125 1580 Mu-

55 1615 125 1693 cius,
147 1635 234 1681 more
256 1635 321 1691 suo,
344 1618 430 1681 nullo
452 1627 609 1702 apparatu,
629 1638 707 1702 pure
729 1628 758 1682 et
778 1617 918 1683 dilucide.
963 1616 1074 1699 Quodsi
1093 1626 1125 1681 tu
1151 1616 1202 1671 230

55 1728 133 1795 tnnc,
155 1717 271 1796 Crasse,
294 1717 431 1795 dixisses,
454 1720 506 1805 qni
528 1720 698 1786 subsidium
721 1721 832 1785 oratori
856 1740 894 1785 ex
918 1720 978 1784 illis
993 1720 1125 1804 disputa·

56 1821 193 1900 tionibus,
217 1821 330 1907 quibus
352 1822 525 1908 philosophi
544 1833 682 1899 utuntur,
699 1824 736 1888 ad
752 1823 872 1888 dicendi
890 1824 1007 1909 copiam
1022 1834 1126 1910 peten-
1213 1828 1216 1833 ⁴

56 1923 124 1989 dnm
147 1943 211 1989 esse
233 1925 327 2010 paulo
361 1935 432 1989 ante
454 1925 586 2004 dicebas;
610 1936 650 2002 et,
673 1927 696 1990 si
721 1926 775 1990 tibi
798 1946 854 2011 pro
878 1925 907 1989 Ι).
932 1925 1045 1991 Rutilio
1063 1946 1125 1990 non

57 2026 308 2112 pbilosophorum
330 2047 425 2103 more,
448 2028 500 2093 sed
522 2039 573 2093 tuo
596 2029 728 2094 licuisset
750 2029 859 2106 dicere,
883 2029 1023 2113 quamvis
1038 2030 1126 2093 scolo-

10 2174 15 2183 .
58 2129 110 2192 rati
131 2129 172 2194 illi
198 2129 337 2204 luissent,
362 2129 446 2195 sicuti
478 2131 615 2208 fuerunt,
646 2131 780 2216 pestiferi
807 2132 888 2196 cives
917 2132 1126 2216 supplicioque

58 2229 143 2316 digni,
168 2243 271 2296 tamen
296 2251 419 2297 omnem
441 2253 548 2298 eorum
570 2234 832 2319 importunitatem
856 2254 893 2298 ex
911 2234 1027 2297 intimis
1043 2253 1126 2297 men-

10 2368 12 2379 ·
58 2332 130 2398 tibus
150 2333 306 2399 evellisset
328 2333 374 2399 vis
396 2335 542 2400 orationis
558 2345 641 2401 tuae:
665 2355 747 2401 nunc
768 2332 838 2401 talis
857 2335 905 2399 vir
927 2335 1055 2399 amissas
1070 2345 1124 2413 est,

59 2434 123 2500 dnm
144 2457 232 2503 causa
261 2436 301 2500 ita
324 2435 443 2515 dicitur,
468 2448 501 2503 ut
523 2438 546 2502 si
572 2439 604 2502 in
627 2439 680 2503 illa
702 2438 911 2504 commenticia
936 2438 1067 2502 Platonis
1089 2438 1126 2502 ci-

61 2657 96 2689 era
112 2653 212 2702 queste:
234 2648 251 2692 il
271 2648 354 2693 futuro
374 2648 447 2693 erede
461 2652 586 2692 montrera
602 2662 649 2692 una
668 2651 765 2693 monete
781 2648 804 2692 di
820 2648 919 2692 metello
936 2662 950 2691 a
964 2647 1052 2700 cinque
1069 2648 1124 2692 testi

61 2714 110 2758 rad
123 2729 155 2760 un
170 2717 235 2760 altro
251 2718 340 2759 arente
354 2714 379 2759 in
393 2728 465 2760 muno
480 2728 530 2759 una
544 2715 652 2759 bilant-ia
667 2715 763 2767 (libra),
777 2730 790 2759 e
802 2714 971 2768 pronunziava
985 2721 1071 2768 queste
1083 2730 1126 2768 pu-

61 2780 113 2825 role:
127 2783 205 2826 buius
221 2794 266 2836 epo
281 2781 424 2834 familiam,
438 2794 505 2835 quae
523 2783 590 2826 milti
604 2785 694 2836 empta
713 2786 750 2825 cst
765 2783 811 2825 ltoc
826 2795 885 2826 aare
900 2795 1031 2835 aetteuque
1047 2783 1124 2835 libra,

60 2843 107 2890 iuro
122 2847 267 2903 Quiritium
281 2860 369 2891 mcum
382 2861 436 2892 ecee
451 2847 502 2891 aio.
523 2848 623 2892 L'erode
639 2847 662 2890 in
677 2847 711 2890 tul
728 2861 786 2892 cuso
802 2847 951 2892 chiamevesi
970 2853 1125 2901 comprimere

62 2909 115 2957 della
128 2914 273 2968 remigitum
284 2913 351 2957 l'atto
362 2913 521 2966 registravesi
536 2914 564 2957 in
579 2914 685 2957 tabulis.
695 2937 721 2944 -
735 2914 872 2958 illorum
890 2915 1027 2959 orbitati
1040 2935 1067 2947 ==
1081 2928 1126 2967 per

61 2980 133 3032 quegli
147 2979 236 3025 orfani.
250 3003 277 3010 -
291 2980 414 3026 bisce...
429 2980 611 3033 trapocdiis
627 2999 653 3013 =
667 2992 712 3023 con
728 2984 815 3033 queste
830 2980 877 3025 orti
888 2980 920 3024 da
930 2985 1008 3024 attor-e
1024 2981 1126 3033 tragico.

62 3039 113 3089 l'edt
127 3050 139 3099 ἕ
152 3049 199 3090 219.
214 3070 241 3078 -
251 3046 448 3098 humilitati,
463 3045 655 3091 ebbassamento
663 3045 686 3089 di
699 3045 802 3100 dignitb,
812 3046 970 3091 evvilimento
981 3046 1127 3091 voluntario.

115 3140 185 3183 22⁹.
200 3139 410 3183 innocentiae
424 3159 451 3172 ==
465 3137 613 3191 d’integritb.
631 3161 653 3168 -
670 3150 839 3185 causum...
857 3152 961 3186 suam.
976 3138 1030 3182 cine
1042 3139 1124 3191 quella

62 3198 85 3244 de
105 3205 264 3259 repetundis.
287 3227 314 3234 —
337 3204 476 3259 simplex
498 3206 586 3249 ratio
609 3205 763 3248 veritatis
787 3225 813 3238 =
837 3206 860 3248 lu
884 3209 966 3257 pretia
991 3204 1075 3249 veriti.
1099 3228 1125 3235 —

60 3263 244 3317 Pontum...
270 3269 390 3314 tribuit
409 3272 560 3325 partium
580 3290 607 3304 ==
628 3271 649 3314 A
671 3270 736 3314 mala
757 3285 822 3324 pena
846 3271 951 3314 accordb
973 3285 988 3314 a
1009 3270 1080 3314 Cotta
1099 3269 1123 3313 di

60 3336 155 3386 prender
169 3351 219 3382 una
235 3335 334 3391 piccola
347 3341 418 3389 perte
438 3338 488 3381 allo
507 3337 586 3381 difesa
606 3337 629 3380 di
648 3337 691 3380 lui.
712 3361 738 3367 -
762 3338 787 3392 Q.
808 3336 947 3388 Mucius,
967 3338 982 3380 il
1003 3336 1123 3390 pontefice

60 3403 170 3457 monrium,
185 3403 211 3447 di
225 3401 267 3448 oui
282 3399 375 3446 ltutilio
390 3416 433 3446 era
448 3405 513 3446 stato
528 3403 618 3455 legato.

115 3505 186 3549 280.
200 3504 361 3549 scelerati
383 3503 450 3553 ilii,
471 3502 524 3547 clod¹
539 3503 546 3546 i
562 3503 654 3556 giudici
674 3502 818 3548 dell'ordine
838 3505 877 3548 dei
897 3505 1031 3556 Cavalieri,
1045 3505 1089 3549 cbe
1109 3519 1124 3547 a

57 3556 235 3614 torto⁰erexano
246 3567 402 3614 condanneto
413 3569 513 3613 Rutilio.
526 3593 552 3600 -
567 3570 667 3613 sicuti
678 3570 754 3622 fuer
762 3573 825 3615 unt.
839 3571 917 3616 L'ital.
932 3572 1069 3624 ogginnge:
1084 3585 1124 3614 oe·

10 3632 13 3665 ¹
57 3641 166 3691 ramenta,
181 3637 206 3681 in
229 3634 357 3680 realta—
372 3636 670 3690 importunitatem,
695 3636 854 3682 crudeltb.-
869 3639 941 3682 dum
956 3651 1055 3682 caetea
1076 3640 1123 3681 ita

55 3701 172 3748 dicitur
186 3723 214 3737 =-
229 3714 276 3756 per
290 3701 379 3746 emersi
389 3702 473 3747 voluto
484 3706 572 3747 tratter
583 3703 692 3746 lucausa
703 3701 761 3747 cosi.
776 3725 800 3734 -·
816 3705 849 3748 in
868 3705 931 3749 ilia
946 3705 1124 3748 commenti·

53 3769 99 3813 cia
119 3768 203 3815 Plat.
225 3769 281 3814 civ.
294 3787 322 3801 =-
336 3768 360 3812 in
375 3769 681 3823 quellanoterepubblica
702 3770 726 3813 di
743 3771 846 3816 Platone
863 3772 981 3816 ritrorota
996 3770 1123 3824 pensando

52 3836 255 3888 (commenticia),
276 3834 344 3887 linio,
365 3834 454 3889 ideam,
474 3835 519 3880 che
542 3837 590 3888 egli
610 3835 698 3880 volevo
713 3835 892 3882 amministrate
908 3837 948 3881 dai
963 3837 1011 3881 soli
1023 3836 1129 3883 mosoll,

49 3900 137 3947 odore
151 3902 242 3948 volere
264 3900 310 3946 ebe
331 3905 393 3946 tutto
413 3902 480 3948 fosse
499 3903 634 3960 sumptiose,
655 3917 732 3951 senne
746 3904 873 3961 artiboio,
890 3920 970 3952 senaa
988 3917 1095 3959 pompa.
1114 3923 1142 3930 -
