2526 4246
234 118 278 157 mu
296 116 442 159 onnronn
458 119 521 159 nm.
540 119 562 168 1,
583 117 652 159 our.
672 118 799 167 uun-w,
819 117 935 167 sueones
1088 80 1121 157 th

46 222 142 288 etiam
163 222 238 301 illis,
265 243 342 309 quas
363 222 475 288 itemm
497 223 615 308 legibus
636 223 717 287 ferre
739 222 900 287 dehebant.
946 221 1015 287 Erat
1037 221 1120 287 euim
1147 229 1199 283 232

47 325 184 402 ¹lthenis
199 345 252 391 reo
267 325 421 402 damnato,
437 326 461 390 si
478 326 561 393 haus
575 326 711 411 capitalis
727 336 890 408 nonesset,
904 325 988 410 quasi
1004 344 1121 410 poenae

46 429 230 507 aestimati03
253 438 285 494 et
306 429 455 494 sententia
478 449 546 494 oum
563 428 711 494 iudicibus
725 429 860 505 daretur,
876 427 1122 514 interrogabatur

48 552 130 608 reus,
157 551 247 616 quam
276 530 375 617 [quasi
404 531 658 616 aestimationem}
689 531 904 596 commeruisse
930 551 962 595 se
988 529 1121 593 maxime

47 633 257 711 eonfiteretur;
282 633 364 717 quod
386 653 455 698 cum
477 634 681 719 interrogatus
703 633 839 698 Socrates
861 642 947 707 esset,
965 631 1122 716 respondit

49 756 113 801 sese
137 736 293 812 meruisse,
319 745 353 801 ut
375 736 571 820 amplissimis
594 735 762 800 honoribus
784 745 813 800 et
835 735 980 820 praemiis
1002 734 1121 799 deuora-

51 848 137 903 retur
157 849 186 903 et
207 849 241 904 ut.
263 839 291 903 ei
316 838 413 903 vietus
434 838 601 903 cotidianus
624 838 655 902 in
680 838 828 923 Prytaneo
849 837 971 922 puhlioe
996 837 1121 922 praehe-

52 951 144 1017 relur,
167 940 217 1025 qui
242 941 340 1004 honos
360 939 443 1024 apud
465 939 593 1005 Graecos
617 941 768 1005 maximus
792 939 930 1004 hahetur.
969 938 1061 1004 Cuius
1076 959 1121 1003 re·
1147 942 1170 992 i«

50 1063 159 1128 sponso
183 1043 296 1108 iudices
318 1042 359 1107 sir
381 1053 569 1120 exarserunt,
594 1053 627 1107 ut
643 1043 750 1128 capitis
766 1043 923 1107 hominem
941 1043 1121 1107 innocentis-

51 1147 162 1211 simum
182 1146 433 1210 condemnarent.
457 1146 512 1228 Qui
538 1146 662 1231 quidem
692 1146 715 1209 si
746 1146 900 1211 absolutus
923 1155 1016 1217 esset,
1040 1146 1121 1230 quod

52 1249 232 1326 mehercule,
257 1248 374 1314 etiarnsi
399 1248 476 1312 nihil
500 1248 537 1312 ad
561 1269 616 1312 nos
638 1249 780 1333 pertinet,
799 1258 899 1312 tamen
916 1259 1042 1332 propter
1057 1249 1121 1313 eius

53 1352 162 1438 ingenii
179 1350 424 1436 magnitudinem
439 1352 561 1427 vellem,
580 1370 714 1434 quonam
730 1349 820 1415 modo
836 1350 907 1414 istos
922 1351 1121 1435 philosophos

55 1455 132 1519 lerre
152 1474 319 1539 possemus,
343 1453 394 1538 qui
423 1473 519 1530 nuno,
550 1474 619 1519 oum
649 1454 701 1518 ille
731 1453 893 1517 damnatus
918 1463 975 1527 est,
1005 1455 1122 1517 uultum

55 1558 142 1622 aliam
163 1558 201 1622 oh
223 1559 346 1641 eulpam
369 1556 425 1620 nisi
441 1566 568 1641 propter
582 1556 700 1620 dicendi
722 1555 921 1627 inscientiam,
939 1566 1038 1619 tauron
1059 1576 1122 1620 ase

57 1671 189 1744 oportere
211 1660 318 1725 dicunt
339 1659 400 1745 peti
424 1670 583 1744 praecepta
607 1657 752 1724 relicendi?
775 1657 960 1740 Quihusuuru
983 1678 1036 1743 ego
1061 1678 1121 1722 nou
1157 1695 1162 1703 ·

58 1783 161 1848 pugno,
184 1775 289 1829 utrum
306 1762 344 1826 sit
358 1763 468 1827 melius
485 1772 537 1827 aut
551 1763 667 1827 verius:
686 1773 801 1825 tanturn
819 1761 884 1825 dieo
900 1771 929 1825 et
947 1760 1029 1825 aliud
1045 1761 1122 1826 illud

60 1885 118 1930 esse
138 1877 226 1951 atque
250 1866 308 1930 hoe
329 1876 359 1930 et
383 1866 438 1931 hoo
459 1866 524 1930 sine
547 1866 600 1930 illo
622 1884 778 1930 summum
800 1884 865 1928 esse
886 1884 982 1948 posse.

10 2040 16 2051 ,
99 1970 161 2033 LV.
178 1969 252 2033 Nam
269 1968 350 2053 quod
366 1969 413 2034 ius
427 1968 525 2045 civile,
542 1967 656 2045 Crasse,
675 1978 735 2031 tarn
753 1967 953 2031 vehementer
964 1970 1123 2052 amplexus
1150 1991 1164 2029 2

10 2056 17 2139 l
65 2087 99 2145 es,
119 2071 202 2137 video
224 2070 301 2157 quid
323 2073 433 2156 egeris;
458 2083 535 2147 tuni,
559 2091 628 2135 oum
651 2070 786 2143 dicebas,
811 2069 961 2133 videham.
987 2069 1123 2135 l'riuruur

67 2169 209 2240 Scaevolae
232 2185 262 2239 te
285 2173 404 2251 dedisti,
421 2194 512 2259 quem
530 2193 637 2238 omnes
652 2193 756 2237 ornare
774 2172 968 2236 meritissimo
987 2193 1043 2256 pro
1059 2173 1123 2237 eius

10 2270 14 2277 '
68 2275 163 2342 eximia
183 2277 333 2344 suavitate
355 2277 514 2353 debemus;
535 2277 620 2342 ouius
635 2287 732 2340 artem
747 2295 814 2340 rum
833 2274 998 2339 indotatam
1014 2296 1079 2339 esse
1094 2286 1124 2339 et

71 2375 235 2466 incomptam
253 2379 383 2456 rideres,
401 2381 566 2445 verborum
582 2399 650 2443 eam
666 2379 735 2443 dote
752 2378 937 2462 locupletasti
953 2389 983 2442 et
998 2378 1121 2441 ornasti.

34 2558 37 2563 Ι
71 2475 168 2548 Deinde
189 2482 272 2569 quod
294 2482 327 2546 iu
349 2503 384 2546 ea
407 2492 438 2547 tu
461 2484 531 2568 plus
553 2502 663 2566 operae
686 2481 860 2564 laborisque
882 2500 1121 2564 consumpseras,

72 2587 204 2652 rumeins
226 2585 319 2651 studii
344 2585 398 2650 tihi
421 2595 451 2650 et
475 2586 610 2650 hortator
632 2595 662 2649 et
683 2583 827 2670 magister
849 2592 926 2647 esset
948 2582 1046 2659 domi,
1075 2602 1124 2647 re-

73 2699 357 2717 χ*

72 2761 116 2799 tare
130 2758 154 2799 ‘25
168 2755 285 2809 dramme,
302 2769 323 2808 e,
340 2755 431 2799 offusisi
448 2755 454 2798 i
469 2755 570 2808 gludiei,
589 2755 684 2809 risposo
702 2754 746 2799 ohe
762 2754 881 2798 meritura
896 2753 920 2797 di
936 2768 1018 2799 essere
1034 2754 1124 2798 nutrito

72 2816 101 2860 uel
112 2820 220 2867 Priloneo
231 2836 247 2866 a
257 2821 391 2875 pubblirhe
402 2834 482 2875 spese.
497 2845 521 2852 -
541 2823 595 2865 sed
615 2822 712 2865 etiam
732 2820 815 2872 tltto,
831 2824 887 2864 sott.
903 2822 1047 2874 eerrtentz'lo,
1061 2821 1124 2865 eolla

73 2886 130 2933 tulto
145 2889 292 2933 stabilirnuo
308 2889 332 2931 la
346 2901 418 2941 peno.

123 2967 192 3012 232.
210 2969 310 3022 fraus
324 2967 477 3020 ==saciroue
492 2990 517 2997 -
531 2967 697 3011 sentientia
718 2979 786 3010 carru
808 2966 973 3010 viudicibus
990 2967 1126 3010 duratur

70 3043 89 3062 ²²
104 3033 208 3087 quando,
229 3033 296 3087 dopo
318 3034 342 3076 le
356 3032 437 3086 prima
452 3036 575 3086 sentenzu,
589 3047 615 3077 se
632 3033 648 3076 il
668 3033 717 3076 tale
737 3031 802 3076 fosso
818 3046 859 3076 roo
875 3046 889 3076 o
904 3046 942 3085 no,
958 3032 977 3075 si
996 3033 1125 3076 rinrettrru

70 3092 194 3144 ull'arbitrio
210 3099 350 3152 du'giudioi
365 3100 388 3143 lo
404 3098 532 3143 stabilirne
548 3099 571 3142 lu
586 3112 658 3152 peno.
668 3124 694 3129 -
708 3099 793 3143 aeoli
799 3100 971 3143 rurationem
985 3120 1012 3132 ·-=
1026 3099 1127 3151 misum,

69 3163 130 3209 trado
151 3165 173 3209 di
195 3179 268 3220 pena.
282 3187 307 3195 -
324 3164 497 3219 Prytaneo,
519 3164 635 3219 pubblieo
651 3165 747 3210 edificio
767 3165 790 3208 di
806 3167 893 3217 Alone,
908 3179 922 3209 u
936 3164 977 3218 pii·
993 3164 1126 3209 doll'Auro-

69 3228 113 3281 hili,
127 3231 240 3277 dur’erun
255 3231 391 3276 mantouuti
408 3231 473 3275 dullo
492 3231 569 3282 Stolo,
590 3231 651 3275 ultre
674 3232 680 3275 i
702 3235 729 3275 50
751 3233 858 3276 senatori
881 3232 937 3282 ohe,
958 3230 1125 3274 oltrrnuudosi

68 3296 112 3345 ogni
125 3312 198 3349 mese,
213 3310 355 3350 reggevano
370 3297 395 3340 le
410 3296 527 3350 Prilunio,
541 3297 618 3342 auehe
635 3298 640 3340 i
657 3298 800 3342 {tonsuret-iri
824 3297 890 3342 dello
908 3296 991 3350 putria
1012 3310 1025 3338 o
1048 3295 1086 3339 ehi
1102 3296 1126 3340 in

67 3371 142 3408 merra
159 3377 247 3408 avesse
261 3362 361 3416 perduti
376 3363 383 3406 i
399 3364 503 3418 parenti,
518 3363 548 3407 ed
563 3376 638 3407 erano
653 3364 753 3417 ospitati
769 3363 802 3416 gli
819 3362 992 3407 urnhaseintori
1005 3362 1127 3406 stranieri.

119 3444 191 3488 233.
204 3445 344 3498 propter
359 3442 486 3486 dicendi
505 3443 660 3486 inscienti
666 3456 725 3495 uror,
736 3456 784 3486 non
800 3442 844 3485 ohr
860 3441 925 3486 Soor.
937 3441 1126 3494 l'ossoiruperito

63 3507 93 3551 uel
108 3509 164 3563 dire,
183 3523 223 3554 me
237 3522 288 3553 non
302 3509 367 3552 rollo
382 3520 552 3552 oonrruuoruro
573 3509 579 3551 i
595 3509 695 3562 giudiri,
714 3508 804 3562 perche
823 3508 927 3552 erudera
948 3508 992 3552 eho
1007 3506 1045 3552 nih
1060 3510 1126 3552 losse

62 3570 165 3626 inqiuslo.
178 3600 204 3607 -
219 3578 331 3621 utrum
346 3574 359 3618 e
374 3575 416 3628 qui
431 3588 560 3628 pronorne:
576 3576 648 3628 quote
664 3575 728 3619 delle
744 3574 791 3618 duo
807 3588 872 3628 ense,
883 3573 936 3618 eiolf
953 3576 976 3617 lo
992 3575 1102 3619 lilosolia,
1112 3588 1126 3617 o

10 3680 12 3697 ἶ
61 3636 210 3695 l'eloquenzu.
531 3701 532 3704 Ἰ

94 3718 166 3771 Cup.
181 3719 246 3762 ΙΝ.
261 3741 289 3748 -
303 3717 378 3761 2³4.
393 3717 481 3761 video
504 3718 580 3771 quid
602 3719 705 3772 operis
720 3738 745 3750 ==
760 3731 789 3761 ne
805 3731 885 3769 ruggo
907 3718 969 3762 boue
992 3717 1007 3760 il
1029 3717 1127 3769 porchi.

10 3794 12 3803 ¹
59 3804 80 3812 -
99 3783 274 3830 Scaeuolae
295 3786 325 3828 le
346 3784 477 3836 dedisti,
498 3783 515 3826 ti
538 3784 600 3827 desti
617 3799 630 3826 o
646 3783 748 3828 Srorolu
768 3784 849 3827 nniruu
869 3797 881 3827 o
902 3797 985 3836 corpo.
1001 3806 1026 3813 -
1043 3784 1127 3826 iudo·

57 3852 154 3895 tutum
173 3842 245 3906 equi
260 3850 302 3894 nel
318 3862 389 3893 senso
404 3851 507 3894 trusloto
522 3850 560 3893 di:
581 3864 682 3904 porrro,
703 3849 846 3896 ilisudorno.
863 3874 889 3881 —
908 3851 1072 3896 hortulos.
1092 3849 1138 3899 qux

101 4006 114 4045 7
137 4004 273 4047 theneorus
286 4002 319 4045 do
334 4001 406 4049 Orat.
420 4005 553 4063 (Firmani)
571 4011 591 4056 l.
