2558 4236
194 174 237 215 nn
255 174 401 217 onsnonn
419 176 481 215 mn.
499 176 536 230 11,
555 174 626 217 cnr.
645 176 840 226 uxvrn-nxx,
861 176 976 227 emensi
1075 164 1125 217 ms

51 276 126 345 lluic
145 279 252 366 generi
275 278 361 367 quasi
383 279 572 346 contrarium
594 289 640 346 est
662 280 782 347 ridiculi
809 301 905 367 genus
926 281 1071 367 patientis
1092 302 1126 346 ac
1177 312 1203 351 ·,.·

50 380 136 458 lenti,
161 391 205 459 ut,
227 401 296 448 cum
319 379 391 446 Cato
411 401 573 467 percussus
594 393 673 448 esset
691 383 790 461 abeo,
809 383 861 468 qui
877 403 979 449 arcam
998 383 1123 461 serebat,

48 502 120 549 curn
142 483 196 549 ille
210 492 314 569 postea
328 482 455 549 diceret:
478 511 493 542 s
510 482 599 560 Cave,
616 485 743 570 rogavit,
758 505 833 551 num
845 485 920 571 quid
931 485 1014 551 aliud
1030 485 1125 551 ferret

54 614 67 643 ι
83 595 209 672 praeter
229 591 350 653 arcam?
366 614 379 643 ι
429 585 479 651 Est
493 586 588 653 otiam
603 587 749 653 stultitiae
763 589 841 653 salsa
864 588 1077 672 reprehensio,
1092 599 1124 654 ut
1150 600 1166 649 ².

48 690 102 754 ille
125 688 258 763 Siculus,
282 688 327 755 cui
351 698 476 775 praetor
504 689 605 775 Scipio
633 700 797 776 patronum
822 711 928 757 causae
954 691 1047 757 dabat
1074 691 1124 756 lio-
1178 746 1200 755 ,.

46 791 162 877 spitem
188 811 295 885 suum,
330 790 487 857 hominem
519 791 672 870 nobilem,
700 793 753 859 sed
782 793 947 860 admodum
978 796 1122 860 stultum:

52 922 66 949 α
83 893 214 977 Quaeso,
238 893 345 979 inquit,
358 904 492 979 praetor,
508 893 685 960 adversario
701 915 769 959 meo
784 895 822 960 da
837 896 930 961 istum
948 905 1122 982 patronum,

54 995 202 1060 «deinde
223 995 301 1061 milri
324 995 480 1062 neminem
503 995 623 1061 dederis
647 1026 675 1060 s.
701 997 822 1063 Movent
844 998 897 1062 illa
919 998 1022 1076 etiam,
1045 1019 1123 1084 quae

45 1098 220 1164 coniectura
236 1099 442 1184 explanantur
455 1100 544 1185 longe
559 1099 649 1164 aliter
663 1111 755 1184 atque
769 1110 848 1178 sunt,
864 1100 917 1166 sed
932 1111 1017 1166 acute
1032 1111 1123 1187 atque

45 1200 210 1279 roncinum
231 1210 274 1276 ut,
297 1220 367 1267 cum
389 1200 520 1267 Scaurus
543 1213 696 1267 accusaret
719 1201 866 1268 Rutilium
889 1202 1031 1280 ambitus,
1053 1225 1121 1270 cum

46 1304 115 1390 ipse
136 1304 242 1369 consul
266 1312 344 1368 esset
366 1302 470 1381 iactus,
493 1304 546 1369 ille
569 1305 726 1390 repulsam
749 1305 877 1382 tulisset,
899 1314 929 1370 et
952 1305 983 1369 in
1002 1306 1067 1371 eius
1083 1317 1123 1370 ta·
1175 1338 1201 1375 ...-

46 1406 130 1472 bulis
153 1405 327 1471 ostenderet
350 1406 466 1471 litteras
488 1406 520 1470 ll.
537 1406 568 1470 F.
585 1405 616 1470 P.
635 1406 668 1471 R.
694 1407 786 1493 idque
808 1407 922 1474 diceret
936 1427 1010 1484 esse,
1026 1430 1123 1474 norun

45 1530 115 1574 rins
136 1530 163 1573 r.
187 1529 310 1587 nuruum
342 1508 472 1574 llutilius
494 1519 607 1584 autem,
630 1530 705 1574 nuru
729 1531 856 1587 riorus,
880 1531 951 1575 rosr
973 1532 1121 1589 numium

45 1610 79 1676 C.
96 1610 219 1688 Canius,
242 1630 335 1696 eques
357 1610 520 1689 Romanus,
535 1632 605 1678 cum
629 1611 705 1677 linio
728 1612 854 1691 adesset,
877 1615 1035 1690 exclamat,
1050 1633 1123 1680 neu-

44 1724 134 1779 trum
150 1712 211 1777 illis
226 1713 336 1778 litteris
357 1712 514 1778 declarari.
538 1713 646 1796 «Quid
669 1720 759 1800 ergo?
783 1715 883 1800 inquit
901 1715 1047 1795 Scaurus3
1071 1716 1123 1781 de-

52 1844 68 1874 «
84 1815 191 1881 milius
212 1814 290 1892 lecit,
312 1814 457 1901 plectitur
478 1815 654 1881 Rutilius».

92 1917 203 1984 LXX.
227 1916 376 2005 Ridentur
405 1917 495 1983 etiam
523 1918 742 2005 discrepantia:
778 1919 871 2002 Quid
906 1921 989 1987 lruic
1022 1921 1123 1988 abest
1149 1927 1197 1980 281

45 2021 122 2087 nisi
155 2040 212 2086 res
234 2030 269 2085 et
291 2019 428 2087 virtus?
454 2020 537 2086 Bella
559 2022 652 2087 etiam
675 2033 720 2087 est
742 2022 901 2087 familiaris
923 2024 1123 2109 reprehensio

43 2123 136 2210 quasi
158 2123 300 2200 errantis,
323 2132 358 2189 ut
379 2144 448 2191 cum
463 2124 635 2210 obiurgavit
653 2124 773 2190 Albium
789 2124 930 2204 Granius,
946 2126 1037 2212 quod,
1054 2148 1123 2193 cum

42 2228 114 2293 eius
126 2226 239 2292 tabulis
251 2225 397 2311 quiddam
409 2226 447 2291 ab
462 2226 586 2293 Albucio
601 2227 766 2313 probatum
781 2227 947 2306 videretur,
961 2229 1017 2315 [etl
1033 2229 1123 2295 valde

42 2330 189 2396 absoluto
210 2328 353 2394 Scaevola
373 2327 520 2414 gauderet
541 2349 641 2414 neque
662 2330 852 2416 intellegeret
872 2342 976 2396 contra
998 2352 1067 2397 suas
1081 2342 1123 2409 ta·

115 2537 192 2581 280.
203 2535 261 2580 Est
276 2534 373 2579 etiam
382 2569 387 2580 .
396 2569 414 2580 ..
427 2532 488 2578 -Si
499 2533 524 2578 fa
535 2533 612 2579 unche
623 2534 711 2588 ridere,
718 2535 850 2590 pungendo
861 2550 906 2580 oon
922 2536 1122 2590 erguzial'altrui

42 2606 214 2653 sciooohezze.
228 2629 254 2637 -
274 2604 431 2659 Scaurus,
452 2608 498 2648 etc.
516 2604 547 2649 tt.
566 2604 655 2650 Emilio
677 2605 777 2657 Scauro,
791 2605 833 2660 git
853 2606 979 2652 nominato
994 2608 1033 2652 nel
1048 2610 1060 2661 Β
1077 2611 1122 2664 19Ὶ,

42 2691 127 2725 avevu
140 2677 182 2722 nel
195 2678 236 2721 639
247 2680 251 2730 Ι
265 2679 304 2721 115
317 2679 429 2721 ottonuto
443 2676 460 2720 il
471 2677 609 2721 consolato:
625 2691 667 2721 ora
678 2682 742 2722 stato
753 2691 797 2722 suo
812 2678 890 2723 rivulo
905 2678 931 2722 P.
946 2679 1039 2725 Rutilio
1049 2680 1122 2727 Rufo.

43 2749 135 2804 Questi
150 2747 241 2792 secuso
255 2746 347 2792 Scauro
365 2747 488 2791 ambitus.
502 2746 602 2801 Souuro,
616 2748 722 2801 essolto,
736 2747 826 2793 ecousd
847 2750 897 2794 ulle
912 2763 957 2794 sua
975 2750 1043 2795 voltu
1057 2751 1121 2797 Rufo

42 2821 114 2866 dello
129 2824 209 2865 stesso
224 2822 301 2863 rento.
314 2819 336 2863 A
350 2830 456 2872 provere
470 2818 584 2870 l'uccusa,
599 2819 720 2872 produsse
735 2819 773 2864 do'
787 2820 845 2866 libri
859 2834 874 2866 o
889 2822 988 2876 registri
1003 2823 1041 2868 do’
1055 2823 1121 2869 conti

43 2891 70 2936 di
85 2889 208 2944 lsnriglie,
221 2891 259 2934 ne'
274 2888 343 2943 quali
357 2888 377 2933 si
392 2888 519 2933 vedeveno
534 2889 619 2934 scritto
632 2890 716 2943 quello
726 2891 821 2936 lettere.
831 2892 880 2937 Ore
894 2892 987 2938 Scauro
1001 2894 1122 2948 spiegovo

44 2964 68 3007 le
83 2963 175 3007 lettere
190 2960 222 3005 A.
235 2959 266 3004 Ρ.
280 2959 311 3004 Ρ.
324 2958 356 3003 R.
370 2958 432 3005 oosl:
447 2970 535 3004 norunt
550 2971 609 3004 sinn
624 2960 716 3005 Punnu
725 2961 828 3007 Rursum
837 2983 864 2997 -·
874 2968 937 3008 tutto
952 2965 1044 3009 essersi
1059 2964 1121 3010 fatto

42 3032 111 3083 (cine
126 3032 151 3077 lu
167 3030 344 3077 distribusione
358 3030 398 3075 del
408 3030 501 3076 donaro
510 3044 556 3085 per
566 3044 697 3084 comperiar
706 3032 766 3082 voti)
776 3046 792 3077 o
801 3037 891 3088 sopato
905 3039 984 3086 (sinn)
997 3035 1022 3080 di
1037 3035 1062 3079 P.
1073 3036 1121 3081 Ru-

45 3103 109 3149 tilio.
123 3101 210 3157 Questi
225 3101 375 3156 rispondeva
388 3100 433 3146 olio
448 3101 530 3154 quelle
545 3102 633 3147 lettere
644 3103 764 3148 volevano
774 3103 839 3149 diro:
852 3106 924 3149 Auru
939 3116 1050 3160 rncrurr,
1059 3117 1120 3151 ross

44 3183 179 3225 nunaunt«,
192 3173 218 3217 la
232 3185 307 3227 spese
316 3171 349 3216 ivi
359 3176 444 3218 notata
454 3172 544 3217 essersi
554 3173 618 3218 fatto
628 3173 709 3226 prima
719 3178 793 3224 (nuru
809 3181 929 3229 ssorum),
936 3176 1069 3230 registrete
1078 3178 1121 3230 poi

43 3252 119 3291 trost·
139 3248 280 3293 nuunuust).
300 3266 324 3275 -
349 3241 379 3288 0.
404 3242 539 3296 Genitos,
557 3244 776 3297 ingenuosumente
798 3245 886 3290 ritorse
909 3247 933 3291 la
954 3259 1012 3292 oose
1034 3253 1119 3293 oontro

46 3318 148 3367 Scauro,
163 3313 245 3359 dendo
263 3313 313 3359 allo
332 3313 420 3358 lettere
440 3318 530 3367 questu
550 3313 770 3369 interpretuzione:
785 3314 873 3360 Emilio
896 3316 928 3361 he
948 3316 1010 3362 fatto
1026 3316 1042 3361 il
1056 3318 1121 3365 niele

44 3390 149 3439 tinem),
164 3384 258 3429 Rutilio
271 3396 302 3429 ne
314 3387 387 3438 porto
396 3382 422 3428 le
431 3396 496 3438 pene
510 3387 713 3434 truncassent·
729 3398 798 3430 cum
817 3384 902 3441 Ruso
922 3388 1060 3441 adesset,
1074 3387 1120 3434 che

45 3456 181 3501 diiendevo
195 3454 267 3500 Rufo.
280 3454 306 3499 Si
320 3454 371 3499 noti
386 3453 431 3499 ohe
445 3456 484 3499 nel
500 3460 582 3508 tempo
602 3455 668 3500 delle
689 3455 835 3510 repubblioa
849 3456 867 3501 il
881 3457 1005 3503 dilonsore
1024 3458 1064 3504 del
1078 3472 1121 3506 reo

46 3542 91 3572 crs
105 3541 138 3571 nn
153 3525 234 3571 emico
248 3524 274 3569 di
288 3524 323 3569 lui
337 3524 505 3581 giurieperito,
518 3525 535 3569 il
550 3526 624 3579 quale
640 3539 686 3571 con
700 3526 725 3571 la
740 3540 785 3572 suo
798 3540 919 3581 presence
935 3529 959 3573 lo
974 3529 1075 3575 eiutava
1085 3530 1121 3575 in·

46 3597 119 3642 nansi
134 3596 159 3642 el
173 3595 297 3641 tribunelo
312 3596 403 3646 (alictii
416 3595 523 3645 adesse).

88 3684 165 3739 cap.
180 3685 279 3730 Lxx.
294 3707 321 3715 -
334 3685 405 3728 281.
420 3695 474 3728 nns
494 3696 529 3728 nn
548 3696 661 3729 vissus
676 3698 719 3730 son
735 3699 791 3731 cose
806 3692 917 3742 appunto
931 3687 1058 3744 disparato
1073 3691 1121 3741 (dt-

44 3757 217 3811 scropantia),
234 3754 325 3809 perche
345 3753 368 3799 di
388 3753 448 3799 rudo
470 3755 494 3799 la
508 3754 636 3800 riochezza
655 3759 718 3807 (nus)
733 3771 764 3801 ve
779 3758 912 3810 congiunta
931 3760 995 3804 colle
1009 3759 1081 3805 virtir.
1095 3784 1121 3792 -

44 3826 238 3881 familiaris
255 3826 464 3881 reprehensio
483 3826 578 3880 quasi
597 3828 1121 3886 errantis-unfamiliormododipun·

43 3895 428 3952 gerel'eltrnidissvvedutezze.
442 3918 469 3927 -
481 3896 614 3942 Albium
631 3897 789 3944 Grattius.
804 3898 910 3945 Albucio
920 3906 1130 3946 eseueuecnsuso
