2526 4246
270 103 313 142 oa
331 102 476 145 onerosa
495 103 556 143 um.
575 104 624 157 111,
644 102 714 144 oar.
734 104 798 154 arv,
820 106 936 155 §soe-soe
1089 89 1139 145 357

64 208 202 275 minutio
224 218 254 274 et
268 208 357 294 'quod
384 208 417 273 in
439 209 545 275 multis
572 209 689 276 casibus
716 210 843 296 ponitur
864 222 894 276 et
916 210 997 296 quod
1019 209 1057 275 de
1083 211 1142 274 sin-

61 311 148 399 gulis
170 312 263 379 rebus
286 312 448 398 propositis
470 312 595 379 ductum
622 313 754 379 refertur
776 314 814 379 ad
836 314 956 400 singula
978 323 1007 379 et
1022 313 1060 378 ad
1075 334 1142 398 pro-

64 415 203 503 positum
232 414 365 482 subiecta
393 414 470 480 ratio
492 415 618 481 etitem
640 415 672 480 in
696 416 865 481 distributis
888 416 1043 502 subposita
1066 416 1142 480 ratio

64 528 98 583 et
112 517 276 604 permissio
298 528 328 583 et
350 537 473 583 rursum
489 517 549 583 alia
564 517 713 583 dubitatio
729 529 758 583 et
778 518 981 605 improvisum
997 518 1142 604 quiddam

64 631 97 689 et
119 620 327 687 dinumeratio
349 630 378 686 et
400 621 461 685 alia
482 621 627 686 eorrectio
649 632 679 687 et
701 621 857 709 dissipatio
880 634 910 688 et
931 623 1142 688 continuatum

63 734 97 791 et
119 724 331 809 interruptum
353 733 382 789 et
403 723 503 810 imago
525 734 555 789 et
577 724 633 789 sibi
657 724 715 810 ipsi
739 726 896 811 responsio
918 736 948 792 et
971 726 1142 791 immutatio

62 836 97 893 et
119 825 268 892 diiunctio
290 835 320 891 et
341 825 416 891 ordo
438 836 468 892 et
489 826 596 892 relatio
618 836 648 892 et
674 826 819 914 digressio
842 839 872 894 et
894 827 1140 913 circumscriptio.

65 928 145 995 llaec
166 929 252 995 enim
282 938 353 995 sunt
379 928 443 995 lere
465 939 555 1014 atque
584 929 694 996 horum
717 931 828 996 similia
858 933 906 997 vel
937 933 1026 1018 plura
1049 931 1141 996 etiarn
1168 940 1218 994 208

63 1051 133 1098 esse
162 1040 304 1117 possunt,
335 1051 412 1116 quae
442 1031 600 1097 sententiis
629 1032 799 1100 orationem
821 1035 1047 1120 verborumque
1074 1055 1142 1099 ron·

67 1132 305 1201 termationibus
328 1134 513 1200 illuminent.

63 1454 192 1516 λιπσμός,
206 1456 232 1501 di
241 1456 365 1510 lamento),
374 1469 419 1510 per
429 1470 511 1502 mezzo
522 1456 588 1501 della
595 1457 677 1511 quale.
685 1458 752 1502 nella
761 1458 836 1511 piena
845 1456 910 1502 dello
920 1457 1065 1509 nieraviglia
1076 1472 1089 1503 o
1101 1459 1139 1504 del

64 1528 161 1581 delore,
175 1528 199 1573 oi
212 1527 382 1573 riohiamiamo
392 1541 407 1572 a
417 1540 473 1572 cose
484 1540 622 1582 opersone.
632 1551 658 1558 —
668 1529 860 1583 imminutio,
877 1528 909 1573 de
919 1529 999 1582 Quint.
1009 1528 1061 1580 (IX,
1070 1531 1090 1583 3,
1099 1533 1142 1579 90),

64 1602 220 1649 identificatur
227 1602 431 1648 ooll'eutenuatio
439 1607 471 1653 (v.
481 1607 491 1653 t
501 1604 556 1657 202),
564 1602 596 1648 da
605 1603 663 1648 altri
673 1604 737 1649 eolla
752 1595 858 1664 λιτὸιης
868 1607 924 1657 (per
933 1616 966 1648 es.
974 1616 1025 1648 reon
1033 1605 1141 1649 rarissime

64 1688 112 1731 per
125 1676 260 1726 munima).
275 1673 307 1719 od
321 1673 399 1719 anche
414 1687 460 1720 eon
474 1674 498 1719 la
513 1674 614 1728 sineope
629 1680 765 1721 ecoenneta
779 1675 932 1725 nell'Orat.§
946 1678 984 1719 157
1000 1678 1082 1726 (nosse
1096 1689 1141 1728 per

65 1748 178 1799 uermes)
193 1745 289 1797 (Cimo).
302 1767 328 1776 —
342 1745 483 1800 casibus,
497 1758 556 1790 sono
571 1745 673 1799 proprio
688 1745 696 1790 i
711 1747 762 1792 ossi
777 1746 817 1791 dei
832 1747 904 1791 nomi.
918 1770 944 1776 -
959 1750 987 1791 et
1005 1747 1087 1800 qrrod
1106 1747 1141 1791 de

64 1816 211 1873 stupetis
225 1815 320 1860 rebus
334 1818 388 1868 eto,
397 1828 409 1860 e
419 1815 442 1860 le
453 1815 571 1860 relationi
581 1815 734 1862 vicendesoli
744 1817 782 1862 fra
792 1817 858 1862 l'une
868 1831 881 1862 e
891 1816 971 1862 l'altre
979 1817 1142 1869 espressione.

67 1885 667 1940 itonsiconoseeilnomediquestsfigura-ad
679 1889 884 1944 propositum
898 1889 1044 1932 subiecta
1059 1889 1141 1933 ratio

63 1953 236 2024 (αἰτιολογία)
249 1960 315 2007 siha
329 1960 552 2015 quandol'oratore
567 1961 653 2006 ohiede
665 1976 680 2006 e
695 1963 721 2008 sd
736 1968 814 2008 stesso
830 1964 853 2007 la
868 1962 970 2016 ragione
985 1962 1009 2005 di
1024 1964 1080 2015 quel
1096 1964 1140 2009 ohe

67 2042 181 2089 afferma.
195 2066 222 2074 -
239 2044 268 2086 et
287 2041 362 2085 item
376 2040 409 2085 iu
428 2041 623 2086 distributis
638 2043 810 2098 subposita
824 2044 910 2087 ratio
923 2035 1140 2101 (προσαπόδοσις)

64 2136 93 2155 -·
107 2132 134 2173 e,
148 2117 210 2163 sevi
224 2129 284 2162 sono
298 2114 343 2170 piis
356 2115 502 2170 pentifarie
516 2116 704 2170 eorrispondere
715 2119 750 2168 (le
760 2116 871 2170 ragione)
886 2132 901 2161 a
911 2118 1029 2162 einseunn
1044 2118 1068 2161 di
1079 2132 1141 2163 esse.

66 2193 283 2249 —permissio
300 2182 455 2251 (insapienti),
475 2191 495 2236 si
511 2190 656 2245 nequando
671 2192 786 2238 l’oratore
801 2192 898 2237 riinette
912 2207 961 2237 una
976 2204 1035 2236 cosa
1050 2193 1072 2236 al
1087 2193 1141 2246 giu-

65 2272 132 2318 dizio
143 2271 184 2317 dei
193 2271 349 2327 giudiei‚per
360 2284 450 2316 averna
464 2271 489 2315 lo
503 2271 682 2325 compassione.
692 2296 718 2303 —-
732 2272 802 2317 ulia
817 2272 981 2317 dubitatio
996 2265 1141 2334 (ἀμφισβή-

66 2346 153 2413 τησις)
165 2351 265 2396 diversa
279 2349 337 2396 dall'
346 2342 474 2411 ἀπὸρησις
489 2364 503 2395 e
517 2348 601 2404 pereid
612 2349 736 2396 chismate
746 2351 810 2396 alia.
820 2351 923 2396 Esaiae
935 2351 1078 2406 maiitiam,
1088 2355 1141 2399 siue

64 2424 214 2471 stultitiam
227 2422 311 2467 dicem
325 2426 432 2478 oportet.
443 2445 470 2453 —
483 2422 696 2476 improvisum
711 2422 865 2477 quiddam
874 2439 900 2457 =
910 2435 979 2467 come
993 2423 1141 2477 un'impros-

24 2488 27 2493 ’
66 2499 154 2545 vineta
168 2521 195 2529 —
209 2498 429 2543 dinumeratio
448 2489 656 2557 (ἀπαρίθμησις),
676 2511 722 2551 per
743 2497 768 2540 la
791 2497 865 2551 quale
885 2496 905 2540 si
927 2509 1004 2541 usaue
1015 2499 1140 2554 primurn,

67 2578 248 2631 cicindelum,
263 2577 531 2632 dentquapoetremo.
549 2600 572 2608 -
591 2577 661 2621 alia
685 2577 842 2621 correctio
856 2569 1027 2637 (ἐπιτίμησις),
1043 2578 1141 2624 diverso

67 2653 135 2699 della
148 2653 231 2706 figure
245 2650 270 2696 di
283 2650 398 2706 pensiero
413 2651 454 2704 gia
468 2652 636 2707 menzioneta;
650 2649 735 2705 percio
753 2650 822 2696 detta
837 2652 900 2698 alia.
914 2677 942 2684 -
962 2653 1140 2709 dissipatio

66 2738 83 2771 o
97 2723 273 2770 distributione
288 2722 411 2768 mediante
426 2737 480 2767 evv.
492 2722 516 2767 di
531 2724 613 2776 luogo.
626 2723 666 2767 Es.
676 2724 718 2768 iiic
732 2724 900 2779 sepetes‚iiiic
914 2725 1023 2771 vestiunt
1037 2727 1140 2777 felicius

68 2810 141 2851 uuae,
161 2794 267 2840 arborei
283 2793 356 2848 fetus
377 2794 443 2840 alibi
456 2794 554 2849 (Vana,
576 2793 667 2849 Georp.
685 2795 704 2850 Ι,
718 2797 761 2843 54).
779 2818 806 2826 -
827 2799 855 2841 ct
874 2797 1099 2843 continuatum
1118 2804 1141 2844 et

66 2873 303 2926 interruptum,
324 2874 379 2916 sott.
394 2872 530 2926 quiddam.
546 2870 736 2916 Continuatum
749 2863 910 2932 (μεταβολή),
930 2886 962 2916 un
982 2873 1070 2927 rapido
1088 2887 1141 2918 sue-

66 2952 163 2998 eedersi
178 2950 203 2996 di
217 2949 288 2995 brevi
301 2950 480 3005 proposizioni;
493 2951 681 3005 interruptum,
689 2965 710 2994 v.
724 2951 870 2996 reticentia.
885 2975 911 2982 -
925 2953 1028 3005 irnapo
1042 2944 1140 3009 (εἰκών)

65 3032 105 3073 est
117 3028 226 3083 formae
243 3038 303 3071 oum
319 3025 410 3080 forma
424 3039 484 3070 eum
498 3027 617 3081 quadam
630 3025 807 3070 similitudine
821 3025 934 3069 collatio.
953 3024 992 3067 Es.
1011 3027 1096 3071 inibat
1114 3030 1140 3073 in

65 3097 394 3155 proeliumcorporetuuri
403 3097 577 3151 validissimi;
587 3097 686 3150 impetu
695 3094 776 3138 leonis
784 3095 909 3139 acerrimi
923 3094 1027 3139 similis.
1041 3120 1067 3127 —
1081 3099 1141 3143 sibi

66 3174 133 3231 ipsi
156 3172 326 3227 responsio
344 3163 506 3231 (ἀπόφασις),
531 3185 591 3217 cum
614 3170 692 3226 quasi
713 3168 766 3213 alio
790 3170 968 3223 interropaute
991 3172 1064 3215 »tobis
1088 3174 1141 3228 ipsi

66 3254 256 3311 respondemus
270 3257 294 3298 et
308 3255 439 3299 rationem
452 3255 596 3299 reddimus.
610 3275 636 3282 —
650 3250 838 3295 insalutatis
854 3239 1020 3307 (ἀλλοίωσις)
1036 3265 1049 3295 o
1064 3258 1140 3297 meto-

66 3331 149 3377 nimiu.
158 3353 186 3361 -
195 3329 357 3375 diiunctio
372 3342 402 3374 es
409 3334 431 3385 t,
447 3343 507 3374 cum
514 3342 611 3382 eorum,
622 3329 652 3372 de
660 3327 755 3381 quibus
763 3326 890 3379 dicineus,¹
899 3361 918 3373 ..
928 3336 1013 3369 unuin
1027 3327 1140 3382 quidque

65 3406 134 3448 certo
149 3401 315 3447 concluditur
325 3402 412 3456 verbo,
427 3402 480 3446 sie:
494 3400 610 3455 populus
620 3398 758 3444 Romanus
768 3396 947 3443 Numantiam
958 3395 1058 3449 deleuit,
1068 3396 1140 3444 Kar-

65 3474 202 3529 tliupiuem
210 3472 327 3525 sustulit,
339 3471 494 3517 Ooriutlium
504 3471 612 3525 disiecit,
619 3468 756 3524 Prepelias
767 3469 857 3514 euertit
867 3467 919 3519 (Ad
926 3465 996 3521 Her„
1003 3468 1045 3523 IV,
1053 3472 1087 3524 st,
1096 3472 1140 3521 tlt).

66 3571 93 3580 -
106 3548 191 3600 ordo,
204 3558 279 3600 greco
294 3539 374 3605 τάξις.
389 3571 416 3578 -
431 3546 593 3592 relatio:
608 3545 737 3597 risoontro,
750 3542 902 3589 nitorimenta
922 3555 936 3585 u
955 3543 1060 3595 qualche
1076 3558 1140 3590 eosa.

67 3621 109 3669 Ma
122 3624 212 3676 questo
229 3619 280 3676 pud
295 3622 355 3668 dirsi
370 3623 395 3668 di
416 3619 475 3675 ogni
493 3620 588 3675 parole.
603 3622 700 3675 Quanto
720 3617 771 3663 elle
789 3619 877 3672 figure,
891 3615 1041 3670 Quintiliano
1061 3624 1140 3665 stesso

66 3693 186 3747 ignorata
206 3705 221 3737 a
242 3693 315 3747 qualo
334 3693 359 3738 di
378 3705 432 3738 esse
453 3703 602 3737 attenuasse
622 3689 672 3734 Cio.
692 3701 739 3733 eon
757 3689 781 3734 la
800 3689 902 3734 relatio.
922 3710 947 3717 —
967 3688 1141 3745 dipressio;

65 3782 88 3813 s.
102 3769 125 3813 le
139 3767 218 3821 figure
233 3767 258 3812 di
273 3769 395 3823 pensiero.
409 3791 435 3799 -
449 3765 716 3820 circumscriptio
729 3756 910 3824 (περίφρασις),
929 3761 974 3808 eho
989 3766 1095 3810 tuttavie
1110 3765 1142 3811 de

61 3842 145 3899 Quint.
159 3841 213 3895 (qu
226 3844 247 3897 3,
260 3844 296 3899 91)
310 3856 358 3889 non
373 3843 386 3887 d
401 3854 533 3896 compress
549 3844 589 3887 tra
604 3843 628 3886 le
643 3839 730 3895 figure.
