2526 4246
194 167 238 207 nra
254 164 400 208 nunnonn
416 165 479 206 mn.
498 165 535 219 11,
554 163 624 206 cnr.
638 164 778 217 orn-mv,
798 162 914 215 garamo
1044 149 1096 203 195

56 262 95 332 llla
111 280 215 348 autem,
238 291 318 358 qnae
345 281 396 338 ant
421 269 640 338 conciliationis
660 290 749 336 oausa
771 269 883 335 leniter
903 278 956 334 aut
977 288 1097 356 permo-
1123 281 1176 336 216

47 367 125 437 tionis
149 374 351 440 vehementer
374 380 515 461 aguntur,
544 372 704 440 contrariis
733 371 986 438 commotionibus
1015 371 1097 437 aule·

57 474 128 540 unda
141 486 219 554 sunt,
235 486 271 543 ut
284 475 354 541 odio
365 475 588 553 benevolentia,
604 473 812 540 misericordia
827 473 942 539 invidia
961 472 1096 540 tollatur.

88 578 161 646 lli.
184 579 294 646 Suavis
315 588 416 645 autem
442 588 488 645 est
510 587 540 644 et
561 579 763 644 vehementer
789 596 879 663 saepe
905 576 989 642 utilis
1016 577 1098 642 ioaus

55 689 77 740 et
94 679 217 761 laaetiae;
241 702 329 768 quae,
352 681 443 748 etiam
466 680 489 747 si
506 681 565 747 alia
584 681 686 747 omnia
704 680 782 746 tradi
806 690 870 745 arte
892 690 1028 766 possunt,
1048 700 1099 745 na-

56 788 122 849 tuae
140 796 209 852 sunt
231 784 357 871 propria
383 794 464 851 certe
493 803 594 870 neque
620 785 715 850 ullam
738 796 834 849 artem
857 781 1040 849 desiderant.
1065 782 1097 847 ln

55 877 142 966 quibus
168 897 202 953 tu
229 873 414 974 longe'aliis
443 906 511 953 mea
538 886 702 964 sententia,
726 885 851 960 Caesar,
873 885 1011 951 excellis:
1038 902 1099 971 quo

56 989 129 1074 magis
154 990 230 1055 mihi
257 990 350 1056 etiam
376 1000 428 1056 aut
454 989 539 1055 testis
565 1009 631 1055 esse
656 1000 742 1075 potes
773 989 891 1055 nullam
913 1007 978 1054 esse
1000 1000 1099 1054 artem

57 1089 110 1153 salis
128 1091 188 1170 aut,
211 1093 236 1157 si
263 1112 323 1178 qua
352 1102 409 1171 est,
433 1112 502 1158 eam
527 1101 560 1158 tu
581 1092 775 1177 potissimum
799 1111 853 1156 nos
875 1090 991 1157 dooere.
1041 1090 1100 1177 Ego
1125 1101 1178 1156 217

58 1206 119 1269 tero,
139 1195 246 1281 inquit,
269 1194 352 1261 omni
376 1194 414 1261 de
437 1214 471 1261 re
494 1194 616 1262 lucetius
637 1205 712 1281 puto
733 1213 821 1280 posse
836 1193 874 1259 ab
890 1195 1015 1260 homine
1038 1214 1099 1259 nnn
1158 1199 1161 1204 '

59 1289 193 1376 inurbano,
217 1318 310 1384 quam
333 1297 371 1363 de
393 1297 468 1384 ipsis
489 1297 603 1364 facetiis
618 1296 778 1383 disputari.
803 1296 915 1382 ltaque,
930 1317 999 1363 oum
1015 1317 1102 1389 quos-

58 1391 111 1461 dam
129 1399 255 1466 Graecos
269 1399 432 1487 inscriptos
446 1398 539 1465 libros
562 1419 627 1465 esse
650 1398 795 1465 vidissem
810 1398 848 1464 de
871 1399 1017 1478 ridiculis,
1029 1419 1103 1465 nou-

59 1499 153 1566 nullam
178 1506 210 1567 in
238 1522 325 1589 spem
351 1521 498 1568 veneram
524 1522 612 1588 posse
639 1522 689 1567 me
715 1521 752 1567 ex
779 1501 953 1588 iisaliquitl
976 1500 1101 1568 dissere.

60 1593 142 1668 larem
164 1615 266 1671 autem
289 1603 416 1670 ridicula
438 1614 469 1669 et
490 1606 568 1669 salsa
585 1606 681 1670 multa
704 1602 888 1669 Graecorum
910 1642 950 1650 -
973 1624 1046 1668 nam
1073 1616 1103 1670 et

60 1696 130 1769 Siculi
151 1707 182 1772 in
204 1727 240 1772 eo
261 1718 425 1794 generent
448 1705 555 1771 Rhodii
580 1717 610 1772 et
632 1705 767 1790 Byzantii
790 1716 820 1771 et
842 1717 964 1792 praeter
989 1716 1104 1772 eeteros

62 1799 124 1871 lttioi
145 1811 297 1875 excellunt
320 1848 369 1885 —‚
386 1808 439 1874 sed
454 1808 505 1893 qni
522 1809 587 1875 eius
602 1809 646 1873 rei
662 1809 812 1873 rationem
835 1808 990 1894 quantiam
1004 1809 1114 1875 eonati·

61 1918 114 1972 suut
132 1922 288 1997 artemque
310 1911 440 1988 tradere,
463 1912 504 1976 sia
526 1911 632 1977 insulsi
656 1911 846 1988 exstiterunt,
863 1922 896 1976 ut
918 1912 996 1977 nihil
1021 1912 1104 1978 aliud

61 2015 212 2079 namursi
227 2014 293 2100 ipsa
309 2013 462 2080 insulsitas
477 2013 622 2079 rideatur.
667 2013 768 2096 Quare
782 2013 858 2077 milri
879 2014 1003 2099 quidem
1019 2017 1105 2080 nullo
1132 2020 1185 2074 ‘218

62 2110 130 2178 noto
150 2117 272 2183 videtur
294 2115 431 2182 doctrina
449 2116 504 2181 ista
521 2137 569 2182 res
585 2136 672 2201 posse
694 2115 782 2180 tradi.
807 2115 935 2193 Etenim,
958 2138 1027 2183 curn
1046 2118 1106 2182 tlrro

61 2215 149 2289 genera
170 2219 231 2283 sint
254 2217 440 2295 laoetiarum,
452 2220 584 2284 alterum
599 2217 801 2302 aequabiliter
819 2217 849 2281 in
866 2219 948 2282 omni
965 2238 1107 2284 sermone

63 2304 149 2397 fuum,
170 2322 303 2386 alterum
325 2330 503 2406 peracutum
526 2329 555 2385 et
570 2319 674 2396 breve,
690 2320 742 2383 illa
758 2340 775 2383 a
791 2319 945 2384 veteribus
967 2321 1108 2406 superior

67 2456 335 2480 h...-

72 2607 75 2615 .
109 2549 173 2596 illo.
184 2552 409 2606 permotionis,
423 2556 479 2598 nott
497 2565 587 2597 causa.
606 2576 632 2582 -
649 2553 832 2606 auferenda
852 2573 879 2585 -
893 2552 1025 2606 tollenda;
1038 2565 1108 2598 aomo

59 2617 321 2736 {tzaggnrlelrsitiaguente
336 2622 455 2667 tollatur.
470 2621 489 2665 Il
505 2626 577 2666 senso
592 2620 619 2665 o:
634 2620 739 2674 bisogna
753 2634 880 2666 soemarne
895 2622 920 2666 la
934 2622 1002 2667 lorza
1016 2637 1061 2668 oon
1072 2624 1109 2668 af-

70 2854 73 2861 ·
89 2790 158 2842 MV.
171 2821 197 2828 -
212 2796 341 2848 Suavis,
356 2802 405 2843 eto.
419 2797 465 2852 Qui
484 2797 611 2851 nominoio,
626 2811 639 2841 e
653 2798 693 2842 nel
708 2799 717 2848 i,
732 2800 756 2842 'll
772 2798 793 2842 si
807 2799 903 2852 comple
917 2800 942 2843 la
962 2801 1109 2846 trattazione

59 2863 187 2913 srsmmtioa
201 2868 267 2914 della
281 2872 371 2914 natura
386 2880 400 2911 e
415 2867 517 2914 dell'uso
537 2870 602 2914 delle
623 2869 731 2921 sueonie,
746 2869 791 2913 ohe
810 2869 859 2914 Clo.
874 2869 1006 2921 giudioava
1025 2886 1110 2916 neees-

59 2929 259 2984 sarieall'oratore.
271 2963 297 2970 -
319 2937 465 2991 excellis,
479 2952 548 2984 aomo
570 2938 624 2983 dioe
646 2939 686 2983 rrel
701 2952 713 2982 ‹
727 2940 757 2983 de
774 2939 842 2995 Off.)
858 2941 924 2994 1,30,
944 2943 996 2985 108:
1011 2942 1070 2986 llrat
1085 2942 1109 2986 in

60 2990 79 3069 P·
89 3001 172 3063 Crasso,
186 3009 210 3054 in
225 3009 252 3054 L.
265 3008 385 3064 Philippo
400 3009 490 3055 multus
506 3010 589 3064 leooss
605 3009 682 3054 maior
696 3009 780 3062 etiam,
793 3010 921 3064 magisque
937 3011 967 3055 de
982 3011 1110 3057 industria.

59 3075 77 3110 ω
87 3071 107 3118 C·
119 3077 228 3133 Caesare,
242 3079 312 3126 Iauoii
326 3079 385 3125 illio.
399 3103 425 3111 -
444 3081 536 3124 aulis.
550 3079 656 3125 Traduoi
666 3082 706 3124 eol
719 3079 783 3133 plur.
792 3102 818 3110 —
829 3081 945 3133 docere,
960 3086 1017 3125 nott.
1026 3085 1110 3136 poles.

110 3170 174 3218 217.
196 3174 417 3228 inscriptos...
442 3173 477 3217 de
500 3173 656 3217 ridiculis
678 3193 704 3206 ==
725 3172 856 3216 intitolati:
878 3172 942 3216 delle
964 3172 1063 3217 laoezie.
1085 3181 1112 3204 --·'

61 3224 236 3288 Graecorum
256 3263 283 3277 =
298 3243 372 3297 apud
389 3241 509 3287 Graecos.
523 3265 549 3272 -
563 3242 696 3295 Rhodii,
710 3241 745 3294 gli
760 3242 866 3286 abitanti
881 3241 905 3285 ‹li
921 3241 997 3296 llodi,
1011 3243 1036 3287 la
1050 3243 1110 3288 oittia

59 3302 176 3367 rnnaipale
191 3313 313 3359 dell’isola
328 3327 343 3357 a
364 3325 429 3367 pooa
450 3311 562 3357 distunza
582 3312 649 3357 dalla
670 3312 749 3356 Coria.
763 3312 827 3357 Rodi
849 3311 910 3356 obbo
926 3325 996 3357 nome
1012 3313 1036 3357 di
1050 3313 1111 3359 eitra

59 3366 154 3424 datm-
168 3384 339 3440 Byzantii,
354 3383 411 3437 quei
427 3382 451 3427 di
465 3382 637 3438 Byzantium,
651 3383 709 3436 oggi
723 3382 932 3438 costantinopoli,
947 3384 984 3428 sul
1007 3383 1111 3430 Bosforo
1212 3374 1215 3380 ¹

58 3434 135 3498 Tranio.
148 3478 173 3486 -
187 3455 298 3507 Attici,
312 3452 346 3507 gli
369 3453 473 3497 abitanti
495 3453 650 3507 doll'llttiea,
671 3454 771 3505 regione
787 3453 810 3496 di
828 3453 924 3506 (irenin,
945 3467 990 3498 ove
1006 3468 1112 3507 sorgera

61 3508 128 3569 Alone,
147 3525 212 3571 Sono
233 3525 322 3571 lamani
344 3523 378 3577 gli
399 3524 481 3568 Attici
501 3525 578 3568 aulea.
593 3548 619 3555 -
639 3524 801 3568 rationem
820 3527 986 3578 tartaraque
1000 3525 1112 3572 formano

60 3588 148 3640 ρῐΝἰίειᾰὶ.
162 3596 236 3641 Come
251 3594 383 3640 tradurro?

112 3682 178 3729 218.
200 3685 290 3729 breve
310 3703 337 3717 =
357 3681 467 3735 vibrato,
489 3683 598 3727 asoatti.
620 3706 645 3714 —
660 3683 802 3727 cavillatio.
824 3682 917 3735 Questa
937 3684 1025 3736 parole
1046 3697 1113 3728 oom-

60 3749 136 3798 urente
145 3755 227 3809 quelle
238 3753 342 3808 lenonie,
352 3753 396 3797 ohe
407 3753 546 3798 consistorio
561 3768 609 3798 non
623 3754 648 3798 in
662 3767 711 3797 unu
721 3754 775 3797 sola
784 3753 871 3807 parola
882 3766 896 3797 o
906 3753 930 3797 in
940 3768 989 3799 una
999 3754 1065 3799 lrnse
1076 3769 1114 3798 or-

61 3821 108 3865 tuta
119 3828 193 3873 (corno
208 3825 232 3870 la
251 3826 398 3878 diracitao),
414 3838 452 3868 rna
466 3824 486 3869 si
502 3824 648 3869 distendono
670 3823 853 3878 equabilmente
868 3837 914 3878 per
928 3838 977 3868 una
991 3824 1054 3869 serie
1069 3823 1114 3878 pin

60 3892 143 3941 lutona
156 3897 232 3951 lunga
246 3895 270 3940 di
282 3894 391 3950 pensiori
406 3895 589 3950 (aequabiliter
603 3896 632 3942 iu
647 3895 720 3942 omui
729 3908 849 3943 sermone
859 3895 966 3952 lasaron
975 3908 991 3940 a
1004 3894 1090 3938 nanno
1103 3893 1132 3936 ax
