2526 4246
159 172 211 229 {lto
526 188 560 228 na.
579 188 685 230 unum
703 188 869 233 ononnonis

80 310 133 363 229
160 296 192 361 n
216 295 352 363 Crassus:
376 296 451 362 l'one
472 296 565 362 dicis?
589 296 703 382 inquit3
731 317 785 384 ego
808 317 883 363 vero
905 318 975 365 esse
1006 299 1068 366 iam
1089 301 1177 368 iudico
1194 312 1238 367 et.

160 411 224 465 luni
250 399 391 478 iudicavi,
415 419 484 466 cum
510 418 561 465 me
589 401 712 466 consule
745 400 778 465 in
812 411 922 468 senatu
957 398 1080 470 causam
1102 403 1241 470 defendit¹

158 502 274 567 Africae
289 522 449 588 nuperque
468 501 560 567 etiam
582 502 688 590 magis,
704 522 774 568 cum
795 523 853 588 pro
873 502 1041 591 Bithyniae
1060 526 1127 594 nege
1147 507 1217 573 dixit,
1239 558 1242 565 .

159 602 1216 688 Qmwoemmmfflssmnfflfflmmwmfflm

80 718 133 773 ‘230
159 728 259 793 neque
281 728 297 773 a
321 719 429 774 natura
452 726 553 792 neque
576 728 593 772 a
615 707 753 773 doctrina
776 706 883 774 deesse
898 711 1009 776 sentio.
1055 712 1119 796 Quo
1140 713 1218 799 magis

158 822 202 875 ost
220 810 283 888 tibi,
300 810 394 889 Cotta,
410 821 440 877 et
455 809 521 886 tibi,
537 809 662 895 Sulpici,
679 809 870 896 vigilandum
890 832 924 877 ac
941 813 1152 882 laborandum.
1166 813 1217 879 Non
1248 872 1251 881 .

158 882 1254 998 fflmmmmmwmmmmmfflmffli

157 1025 186 1078 et
210 1015 332 1100 ingenio
353 1015 470 1101 peracri
495 1024 525 1080 et
547 1014 647 1080 studio
681 1015 822 1102 llagranti
856 1025 888 1081 et
909 1016 1052 1084 doctrina
1074 1019 1177 1086 eximia
1195 1030 1219 1084 et
1249 1008 1254 1023 ¹

158 1118 305 1182 anemoria
328 1117 484 1204 singulari.
510 1116 563 1183 Cui
587 1136 775 1203 quamquam
796 1117 895 1197 faveo,
912 1129 1020 1186 tamen
1043 1121 1131 1188 illum
1144 1121 1217 1187 aetati

156 1240 228 1285 suae
248 1230 404 1306 praestare
426 1220 525 1306 cupio,
550 1219 636 1285 vobis
658 1240 732 1286 vero
755 1220 845 1286 illum
863 1231 951 1288 tanto
975 1223 1129 1290 minonem
1148 1243 1219 1311 prae

156 1343 280 1389 currere
302 1323 352 1388 vix
377 1324 541 1390 honestum
563 1333 618 1390 est.
635 1323 695 1389 Sed
716 1323 777 1388 iam
799 1344 972 1411 surgamus,
992 1326 1102 1413 inquit,
1120 1345 1218 1412 nosque

154 1447 296 1493 curemus
310 1438 340 1493 et
356 1426 519 1512 aliquando
537 1425 575 1491 ab
598 1426 654 1492 hac
671 1426 866 1493 contentione
882 1427 1103 1514 disputationis
1117 1430 1218 1496 animos
1252 1426 1254 1503 s

155 1542 274 1596 nostros
295 1550 428 1615 curaque
449 1531 596 1596 laxemus.

222 1811 297 1855 221).
312 1823 379 1855 eaeo
396 1811 467 1854 iam
481 1813 586 1864 opposto
597 1822 612 1853 a
622 1810 689 1864 sore.
703 1832 729 1841 —
744 1813 772 1854 et
787 1813 853 1854 tnm
866 1829 893 1843 -
908 1822 921 1854 e
937 1810 1019 1857 anche
1035 1812 1122 1858 allona
1135 1823 1217 1868 -pro

154 1882 232 1927 Bith
238 1881 332 1935 oniae
351 1893 432 1935 repo,
449 1880 569 1934 oioe‚1›er
587 1879 723 1926 Nicomede
737 1880 889 1936 Filomelam,
903 1880 949 1926 che
965 1881 992 1927 fu
1010 1883 1122 1929 cocciato
1136 1883 1216 1928 dalsuo

154 1967 230 2007 regno
241 1952 273 1998 da
282 1953 408 1998 Mitridate
423 1953 471 1998 evi
486 1954 513 1999 fu
527 1952 660 1998 ristnbilito
675 1953 708 1999 da
722 1953 790 1999 sinu
805 1953 909 2008 Quando
923 1955 996 2011 morl,
1010 1955 1090 2002 lanoid
1104 1956 1173 2002 eredo
1185 1954 1216 2000 dcl

154 2038 230 2077 regno
246 2036 290 2068 suo
301 2023 318 2067 il
332 2023 425 2077 popolo
435 2037 545 2069 romano.

221 2126 295 2170 230.
310 2128 437 2170 nostrae
454 2125 554 2179 quast
571 2125 754 2170 succrescit
769 2125 874 2170 aetati
887 2142 914 2161 =
928 2125 987 2171 vien
1001 2128 1136 2173 crescendo
1149 2126 1214 2172 dietro
1252 2128 1254 2171 ἱ

153 2213 168 2242 o
182 2197 223 2242 voi
238 2195 462 2242 altri-tamen
487 2196 586 2240 illum
609 2196 715 2240 aetati
733 2207 810 2241 snae
834 2199 1024 2261 praestaro
1042 2199 1215 2253 capiatn-
1251 2194 1254 2205 '

153 2268 221 2313 tavio
235 2266 349 2312 desidero
360 2266 405 2311 ohe
420 2266 471 2320 egli
487 2266 573 2310 avenai
584 2265 591 2309 i
602 2265 657 2310 suoi
672 2266 792 2312 coetanei.
801 2289 827 2297 -
837 2269 932 2311 tanto
951 2267 1124 2323 minorem,
1139 2263 1214 2323 percle

152 2339 267 2384 Ortensio
277 2349 356 2383 avena
370 2336 433 2381 dieoi
443 2337 499 2382 unni
513 2349 584 2381 meno
595 2335 618 2380 di
630 2335 726 2382 Cottae
741 2336 859 2391 Sulpicio,
868 2336 921 2381 nati
931 2337 1056 2382 entrambi
1067 2338 1107 2385 nel
1117 2338 1168 2392 6301
1178 2338 1215 2381 nt.
1252 2372 1254 2391 =

157 2434 178 2441 -
188 2411 292 2454 iam:
302 2408 403 2453 orumai.
416 2431 442 2439 -
457 2419 607 2462 carpamus,
622 2419 744 2453 curemus
760 2420 773 2451 e
788 2407 911 2452 locemus
932 2420 993 2453 sono
1008 2421 1081 2462 cong.
1095 2404 1213 2455 esortatlv'n
1252 2402 1254 2407 '

152 2480 249 2533 Quanto
265 2493 279 2524 a
293 2491 415 2524 curemus
429 2478 450 2523 si
464 2478 516 2523 noti
531 2477 598 2522 ohe(
612 2489 640 2522 se
654 2477 795 2523 curarem
810 2490 860 2522 una
874 2477 941 2522 frose
959 2482 1033 2523 usetn
1048 2479 1088 2524 nel
1103 2476 1213 2525 semodi:

151 2550 300 2595 comineiare
315 2563 330 2593 o
343 2562 449 2603 pensare
465 2549 488 2593 al
499 2548 588 2593 ristoro
603 2547 644 2592 del
659 2561 743 2602 corpo.
756 2570 782 2580 -
796 2549 1010 2594 contentione
1029 2548 1214 2606 disputatio·

151 2623 212 2668 nto.
234 2622 266 2667 Di
280 2626 369 2676 questo
383 2634 458 2675 passo
480 2633 524 2665 son
543 2619 590 2664 due
609 2618 825 2674 interpretacioni:
846 2631 858 2662 ‹
879 2619 963 2664 calore
987 2618 1054 2666 dello
1069 2620 1214 2675 disputato
1250 2636 1254 2643 ·

152 2705 164 2736 ‹
179 2693 291 2739 tensione
305 2692 412 2737 mentale
427 2703 446 2736 ›.
