2526 4246
258 172 300 211 nu
319 163 601 224 ORATORE‘LIB.1b
622 144 918 224 cur.1v-vr,srae4
1076 164 1128 216 125

46 296 119 341 cum
142 276 248 342 omnia
269 277 426 363 gymnasia
443 277 618 364 philosophi
637 289 770 357 teneant,
790 290 892 344 tamen
916 300 1023 346 eorum
1045 281 1128 347 audi·

49 389 132 444 tores
152 379 272 446 discum
295 379 401 446 audire
423 400 515 466 quam
541 381 761 467 philosophum
787 384 924 461 malunt3
956 383 1008 468 qui
1035 384 1126 450 simul
1207 399 1211 406 ·

50 492 85 546 ut
105 483 268 569 increpuit,
292 482 323 547 in
346 483 446 548 media
469 484 606 550 oratione
628 484 666 549 de
689 485 830 550 maximis
847 486 938 551 rebus
961 495 991 550 et
1013 487 1126 573 graiis-

55 585 138 650 simis
160 585 366 670 disputantem
389 586 609 672 philosopbum
631 607 737 653 omnes
755 588 904 654 unctionis
925 609 1014 653 causa
1037 589 1187 676 telin-¹22

60 699 162 772 quunt.
176 687 218 753 lta
229 688 416 754 levissimam
428 688 657 755 delectationem
672 691 878 776 gravissimae,
894 702 928 756 ut
943 691 1001 777 ipsi
1013 691 1126 768 lerunt,

60 792 176 856 utilitati
192 801 392 876 anteponunt,
438 791 541 858 Otium
558 802 660 859 eutem
675 793 756 878 quod
771 794 845 859 diois
861 814 934 871 esse,
954 794 1125 874 adsentior,

62 908 161 954 rerum
183 890 237 955 otii
259 889 374 956 fructus
396 900 441 956 est
464 911 525 956 non
548 892 701 957 contentio
717 892 821 970 animi,
846 892 898 957 sed
921 893 1077 959 relaxatio.

101 989 155 1054 llI.
180 988 278 1073 Saepe
299 1009 337 1053 ex
359 1009 461 1054 socero
487 1010 555 1055 mco
578 989 690 1067 audivi,
714 1010 783 1055 cuin
806 991 831 1054 is
854 990 967 1056 diceret
988 1011 1126 1058 socerum

67 1110 144 1155 suum
172 1091 307 1156 Laelium
337 1111 460 1177 semper
485 1091 548 1157 fere
578 1112 647 1158 curn
671 1092 811 1177 Scipione
838 1094 961 1158 solitum
988 1095 1125 1160 rusticari

69 1212 165 1278 eosque
194 1194 414 1260 incredibiliter
445 1215 658 1281 repuerascere
687 1216 752 1261 esse
782 1196 894 1272 solitos,
922 1217 990 1261 cum
1016 1218 1067 1263 rus
1089 1219 1126 1263 eu

70 1295 131 1361 urbe
153 1308 308 1383 tamquam
338 1317 356 1362 e
382 1297 491 1363 vinclis
522 1299 735 1364 evolavissent.
759 1297 824 1362 Non
846 1298 944 1364 audeo
967 1300 1066 1365 dicere
1089 1300 1127 1365 de

72 1399 165 1464 talibus
187 1399 271 1477 viris,
293 1399 347 1475 sed
370 1409 472 1465 tamen
503 1400 544 1465 ita
566 1402 643 1466 solet
673 1421 799 1466 narrare
822 1400 974 1479 Scaevola,
997 1404 1127 1467 conchas
1153 1427 1168 1464 ι

72 1518 109 1564 eos
128 1513 156 1566 et
178 1502 336 1568 umbilicos
351 1502 390 1567 ad
405 1502 538 1568 Caietam
554 1513 583 1568 et
598 1503 637 1568 ad
651 1503 838 1569 laurentum
853 1505 954 1590 legere
968 1525 1127 1570 consuesse

72 1612 94 1665 et
111 1604 145 1669 ad
166 1625 289 1670 omnem
312 1604 407 1669 animi
423 1606 635 1670 remissionem
650 1606 820 1691 ludumque
841 1607 1033 1672 descendere.
1079 1607 1127 1671 Sic

72 1707 139 1772 enim
162 1729 209 1773 res
230 1729 297 1773 sese
318 1708 421 1786 habet,
443 1718 485 1786 ut,
509 1729 600 1794 quem
623 1709 662 1774 ad
684 1708 809 1775 modum
826 1711 963 1775 volucres
986 1709 1126 1776 videmus

70 1811 268 1890 procreationis
291 1822 382 1896 atque
397 1812 535 1876 utilitatis
551 1832 622 1877 suae
636 1832 724 1877 causa
740 1812 885 1897 ellingere
900 1823 930 1877 et
944 1813 1127 1879 constituere

71 1910 150 1988 nidos,
171 1912 293 1978 easdem
315 1923 427 1990 autem,
450 1933 519 1979 cum
542 1913 657 1998 aliquid
680 1914 844 1991 effecerint,
867 1914 989 1979 levandi
1013 1916 1125 1981 laboris

71 2014 104 2077 sui
124 2036 217 2093 eausa,
240 2016 354 2101 passim
376 2037 410 2080 ac
431 2016 529 2081 libere
550 2018 662 2082 solutas
685 2037 777 2101 opere
799 2018 936 2093 volitare,
960 2019 1001 2082 sic
1021 2016 1124 2083 'nostri

71 2114 147 2177 animi
169 2114 297 2200 negotiis
321 2114 491 2180 forensibus
513 2125 603 2199 atque
625 2115 742 2180 urbano
758 2135 850 2201 opere
873 2115 980 2180 defessi
996 2117 1124 2202 gestiunt

72 2212 1165 2299 ufflmwmmmwwmemwMQff

73 2333 296 2346 Ἢ”--
311 2339 328 2344 ...

71 2381 159 2431 l'aoristo
175 2387 199 2431 in
213 2399 295 2440 greco,
310 2399 325 2430 a
335 2385 452 2430 denotare
462 2385 480 2428 il
492 2385 624 2428 corninciur
635 2385 777 2430 dell'azione
788 2385 827 2429 nel
837 2389 946 2439 pensato.
961 2408 985 2414 -
1001 2384 1122 2429 discum

71 2452 168 2497 audire
184 2473 211 2487 =
225 2451 295 2497 udire
314 2453 337 2497 lo
352 2452 455 2505 strepito
467 2450 506 2494 del
522 2451 597 2504 disco,
607 2451 651 2495 che
667 2464 710 2495 era
720 2465 769 2495 una
788 2465 869 2495 massa
884 2451 908 2495 di
924 2451 989 2496 terro
1005 2465 1018 2495 o
1034 2450 1123 2496 d'altro

71 2519 151 2564 metello
165 2533 179 2564 o
195 2520 220 2563 di
241 2532 310 2563 sasso
330 2518 376 2563 cho
396 2517 531 2562 lanciavasi
554 2521 647 2571 quanto
668 2517 712 2570 piu
733 2518 833 2562 lontano
852 2517 872 2561 si
894 2521 1001 2570 potesse.
1022 2541 1048 2548 —
1069 2520 1124 2572 arii

70 2582 161 2639 timul,
182 2599 234 2630 acc.
256 2586 277 2629 A
298 2585 344 2640 aui
366 2588 422 2629 sott.
444 2584 538 2628 discas.
560 2608 585 2614 —-
606 2585 772 2628 corretionis
796 2597 910 2638 caetea,
933 2598 979 2638 per
994 2584 1094 2629 endensi
1109 2600 1123 2630 a

70 2658 131 2700 unger
144 2652 224 2705 d’olio,
237 2651 317 2706 prima
327 2651 350 2694 di
361 2651 439 2695 ander
449 2651 515 2694 nella
530 2652 647 2704 palestra.
662 2675 687 2681 -
701 2652 956 2705 pravissimae...
974 2652 1124 2696 utilitati

70 2731 89 2746 =
101 2717 126 2760 ad
139 2720 177 2762 un’
186 2717 352 2771 oecupezione
367 2717 504 2769 giovevole.

122 2802 171 2846 ἓξ.
189 2801 296 2847 Otium
312 2802 431 2855 ...quoa
446 2802 528 2846 dicia
550 2802 759 2854 esse=Quanto
775 2801 899 2846 all’essere
914 2802 953 2846 noi
970 2802 994 2846 in
1009 2802 1069 2846 onio.

102 2883 280 2938 cap.v1.-
300 2885 466 2930 rusticari
485 2886 526 2935 (da
540 2887 596 2938 rue)
651 2885 804 2937 villeggiare.
818 2908 843 2914 -
868 2886 1123 2931 incredibiliter

72 2958 285 3002 repuerascere
298 2972 325 2985 ==
339 2951 488 2996 ridiventnre
503 2966 517 2995 a
532 2951 647 2996 dirittura
661 2951 778 3002 tarioiulli,
794 2950 907 2995 scherzar
922 2964 990 2996 come
1006 2952 1124 2996 t'anciulli.

71 3019 322 3070 -eoolaaieeent‚
345 3032 360 3062 a
380 3017 489 3062 indicare
505 3019 529 3061 la
544 3018 619 3062 fretta
633 3031 646 3060 e
662 3018 676 3060 il
693 3017 815 3062 desiderio
837 3018 881 3063 che
904 3032 1013 3062 avevano
1036 3019 1059 3062 di
1082 3033 1123 3062 an-

73 3077 126 3126 tlarvi
139 3088 228 3137 presto.
241 3108 267 3114 —
281 3084 312 3128 N
315 3096 352 3128 on
373 3084 486 3138 audeo,
501 3098 547 3128 non
563 3085 653 3138 osenei3
668 3098 693 3127 so
709 3097 757 3127 non
772 3085 865 3136 potensi
886 3084 992 3129 uddurre
1008 3085 1032 3129 lo
1053 3085 1124 3128 testi-

74 3149 181 3194 monianze
195 3151 251 3194 d'un
266 3163 337 3195 uomo
352 3163 420 3194 corne
435 3150 537 3195 Scevola
551 3152 606 3199 (sed
620 3154 708 3194 tantan
723 3151 761 3193 ita
775 3151 840 3193 solet
855 3164 968 3195 narrare
982 3150 1123 3199 Scaevola).

74 3230 92 3240 -
109 3217 275 3263 conchae...
287 3219 314 3260 et
338 3217 510 3262 umbilicos
527 3239 553 3250 =
575 3217 712 3269 conuhiglie
728 3230 740 3260 e
762 3217 865 3260 testacei
880 3216 903 3259 di
920 3230 993 3265 mare,
1008 3230 1055 3260 non
1071 3217 1123 3269 pie-

73 3282 143 3330 ttuzze,
153 3283 226 3328 com'e
235 3288 339 3336 prorata
349 3283 381 3328 da
395 3298 427 3327 un
437 3298 512 3338 passo
527 3283 551 3327 di
567 3284 688 3335 Suetonio,
698 3283 741 3328 che
757 3282 781 3325 in
799 3281 825 3326 0.
843 3281 923 3336 Galia.
937 3285 970 3335 te,
985 3283 1001 3325 li
1012 3282 1121 3327 chiama:

73 3347 141 3394 ⁸l⁰lia
156 3349 255 3394 Oceani.
270 3349 309 3393 Gli
323 3351 441 3394 umbilici
456 3364 498 3394 son
515 3350 575 3394 detti
591 3350 623 3393 da
643 3350 698 3394 noi:
712 3348 844 3393 lumachini
867 3349 1039 3400 unrbilicatie
1063 3363 1122 3393 sono

75 3414 139 3458 ⁸leda
152 3415 174 3459 di
189 3414 323 3461 chiocciole
338 3416 430 3461 finienti
446 3417 470 3460 in
481 3416 650 3470 caperemini,
660 3416 703 3460 che
719 3415 784 3458 dalle
800 3415 863 3458 ende
879 3415 916 3458 dial
933 3428 1000 3458 mare
1016 3430 1060 3459 son
1070 3419 1122 3468 get·

74 3479 112 3519 tute
124 3482 156 3524 sul
170 3481 232 3536 lido;
248 3496 260 3526 e
276 3482 300 3526 di
316 3482 396 3536 questi
411 3482 571 3536 coperehietti
587 3487 696 3535 appunto
711 3481 839 3524 undavano
856 3480 878 3524 in
894 3494 966 3524 ceren
980 3481 1095 3534 Scipione
1108 3496 1121 3524 e

77 3536 134 3589 Lelio.
145 3571 168 3579 —
184 3548 204 3592 0
208 3550 340 3602 atatam,
354 3548 412 3602 oggi
422 3549 508 3601 Gaetu,
518 3549 534 3592 il
545 3549 583 3593 cui
595 3552 666 3601 porto
678 3547 689 3592 ὸ
706 3547 772 3590 detto
784 3545 815 3588 da
827 3546 942 3601 Cicipro
958 3547 1011 3601 leae
1021 3547 1122 3591 Manil..

76 3606 110 3652 lli:
121 3603 295 3659 celeberrimus
309 3618 334 3658 et
346 3616 517 3669 plenissimus
531 3617 646 3660 navium.
656 3638 681 3644 -
691 3614 906 3666 Laurentum,
921 3612 981 3657 citit
992 3615 1030 3659 del
1047 3614 1121 3657 linzio

76 3673 179 3784 tsipulum,
192 3681 260 3726 detta
274 3680 326 3726 coel
341 3681 381 3725 dal
395 3682 464 3726 lauro
480 3682 542 3726 oudo
558 3681 736 3726 abbondaruno
755 3679 778 3722 le
794 3692 837 3722 sue
852 3679 958 3732 funestet
972 3681 1030 3732 oggi
1046 3681 1121 3723 Turre

90 3750 94 3779 1
121 3749 204 3792 aterno.

124 3829 170 3875 23.
184 3833 336 3886 aeetiaut.
356 3831 420 3877 Nota
442 3831 486 3876 che
508 3833 550 3886 qui
564 3832 644 3886 aestio
659 3831 672 3875 b
687 3836 759 3874 usato
781 3830 855 3874 assol.
870 3844 883 3874 e
899 3831 967 3874 vale:
989 3831 1077 3876 esulto.
1092 3852 1116 3860 -

78 3895 148 3938 eccui·
164 3910 240 3943 cura
261 3911 297 3943 ac
315 3897 425 3943 labore
440 3898 463 3941 in
479 3897 685 3952 corrispomlenza
699 3909 746 3941 oon
760 3894 864 3941 solutas
879 3908 964 3952 operer
