2526 4246
117 139 169 191 144
483 153 516 191 m.
536 153 641 192 runnu
660 151 822 193 o1ou1rou1s

118 258 299 323 extorsimus
321 279 354 322 ao
376 257 476 344 potius
498 258 623 342 placatis
645 277 752 323 eorum
768 256 879 322 animis
894 266 1026 336 tantum,
1043 268 1182 344 quantum

117 355 175 442 ipsi
198 355 402 441 patiebantur,
425 356 595 442 accepimus
609 394 652 403 —
667 355 719 420 sed
738 366 841 421 tamen
858 355 915 420 ista
937 366 989 422 tua
1012 357 1134 423 nullum
1149 353 1181 419 ad

117 473 206 519 usum
237 474 350 531 meum,
377 465 496 519 tantum
523 453 720 540 cognoscendi
749 453 848 519 studio
879 453 1028 520 adductus
1058 453 1180 539 requiro.

77 562 90 612 ῖ
117 550 176 617 Nec
198 553 274 616 mihi
297 573 373 638 opus
389 562 433 617 est
449 550 561 617 Graeco
579 552 681 637 aliquo
697 553 828 630 doctore,
848 553 900 637 qui
918 552 995 617 mihi
1012 553 1180 638 pervulgata

117 662 276 736 praecepta
292 651 439 724 decantet,
452 671 520 715 oum
537 650 601 736 ipse
616 671 775 735 nunquam
791 650 903 728 lorum,
917 670 1079 735 nunquam
1093 651 1179 715 ullnn

118 749 262 814 iudicium
294 748 481 834 adspexerit;
510 758 542 814 ut
574 747 790 834 Peripateticus
820 749 874 814 ille
902 748 1015 814 dicitur
1038 747 1178 821 Phormio,

117 867 186 911 cum
210 847 358 912 Hannibal
383 846 569 932 Karthagine
591 848 736 932 expulsus
767 846 920 933 Ephesum
948 846 988 912 ad
1011 845 1177 911 Antiochen

119 945 250 1010 venisset
273 947 358 1011 exsul
381 965 499 1030 proque
522 965 566 1021 eo,
591 945 671 1030 quod
687 946 752 1010 eius
767 964 880 1009 nomen
903 956 970 1010 erat
985 964 1094 1031 magna
1109 941 1176 1029 apud

118 1062 224 1107 omnes
246 1043 351 1128 gloria,
369 1043 514 1108 invitatus
530 1053 607 1108 esset
625 1043 664 1108 ab
680 1042 850 1128 hospitibus
866 1043 939 1119 suis,
952 1054 987 1108 nt
1002 1063 1084 1120 eum,
1100 1060 1176 1127 quen

118 1140 191 1217 dini,
216 1142 239 1204 si
260 1143 361 1218 vellet,
385 1140 518 1220 audiret;
541 1162 672 1226 cumque
695 1141 720 1205 is
742 1161 774 1206 se
797 1161 859 1206 non
883 1143 967 1206 nolle
989 1141 1125 1216 dixisset,
1145 1141 1177 1203 lo

118 1247 204 1303 cutus
226 1259 290 1304 esse
313 1238 424 1305 dicitur
444 1240 536 1304 homo
550 1241 688 1325 copiosus
706 1238 822 1324 aliquot
838 1239 929 1303 horas
944 1238 983 1304 de
999 1236 1177 1324 imperatoris

118 1336 215 1401 olbcio
238 1348 268 1402 et
297 1337 335 1402 de
363 1338 447 1402 omni
478 1358 511 1403 re
538 1338 674 1402 militari.
698 1337 785 1414 Tum,
808 1356 878 1402 oum
899 1337 1003 1414 ceteri,
1027 1337 1078 1422 qui
1102 1336 1174 1400 illurn

117 1435 287 1513 audierant,
312 1437 512 1501 vehementer
535 1446 636 1501 essent
658 1435 812 1510 delectati,
840 1435 1031 1520 quaerebant
1053 1434 1091 1500 ab
1112 1432 1176 1498 llan-

118 1533 230 1611 nihale‚
243 1535 390 1618 quidnam
414 1534 534 1621 ipsede
557 1535 610 1598 illo
633 1534 817 1618 philosopho
832 1533 990 1598 iudicaret.
1007 1533 1060 1599 llio
1075 1532 1176 1598 Poenus
1214 1538 1217 1567 ²

118 1652 180 1697 non
193 1633 308 1718 optime
319 1632 440 1710 Graece,
453 1634 506 1698 sed
518 1644 620 1698 tamen
633 1632 729 1697 libere
742 1631 936 1716 respondisse
956 1632 1064 1710 fertur,
1080 1631 1175 1696 multos

118 1749 150 1794 se
172 1730 284 1795 deliros
306 1751 393 1795 senes
416 1752 505 1816 saepe
528 1730 649 1806 vidisse,
672 1729 724 1794 sed
741 1729 792 1814 qui
810 1729 915 1815 magis,
931 1750 1026 1815 qnam
1047 1728 1175 1794 Phormio
1215 1760 1217 1807 :

60 1833 92 1849 ”²
118 1827 271 1901 deliraret,
295 1828 407 1893 vidisse
430 1829 595 1895 neminem.
619 1828 721 1912 Neque
743 1827 921 1893 mehercule
942 1828 1067 1893 iniuria.
1110 1821 1174 1909 Quid
1214 1818 1217 1893 ἱ

118 1926 201 1990 enim
224 1937 275 1990 aut
297 1925 489 2012 adrogantius
512 1939 562 1993 aut
585 1926 740 2012 loquacius
762 1924 830 1990 fieri
854 1925 952 2011 potuit
967 1946 1061 2011 quam
1081 1920 1176 1989 llanni·

120 2023 190 2100 bali,
214 2024 265 2108 qui
289 2034 332 2089 tot
355 2025 444 2089 annis
467 2026 504 2091 de
527 2025 656 2110 imperio
679 2044 748 2088 cum
770 2026 885 2109 populo
900 2022 1038 2089 Romano
1053 2021 1175 2089 omnium

119 2122 256 2205 gentium
279 2123 393 2188 victore
415 2133 565 2200 certasset,
589 2121 735 2187 Graecum
760 2121 928 2198 hominem,
952 2122 1004 2206 qui
1033 2135 1176 2207 nunquan

122 2219 249 2297 bostem,
266 2241 426 2305 nunquam
444 2232 539 2286 eastra
555 2221 689 2304 vidisset,
706 2239 865 2303 nunquam
881 2219 1015 2304 denique
1030 2219 1178 2285 minimam

120 2328 238 2403 partem
271 2320 364 2385 ullius
384 2319 505 2404 publici
540 2319 677 2384 muneris
706 2317 862 2403 attigisset,
892 2327 1054 2404 praecepta
1087 2317 1123 2382 de
1149 2332 1177 2381 ro

120 2417 245 2482 militari
268 2418 358 2483 dare?
388 2418 448 2482 lloo
476 2418 552 2483 mihi
583 2417 679 2482 lacere
708 2435 814 2480 omnes
843 2416 903 2491 isti,
924 2415 975 2500 qui
999 2415 1039 2481 de
1060 2427 1125 2481 arte
1144 2411 1179 2478 di·

119 2516 206 2580 cendi
229 2516 430 2601 praecipiunt,
447 2516 604 2592 videntum
629 2513 709 2600 quod
724 2513 808 2579 enim
825 2514 880 2599 ipsi
897 2513 1016 2599 experti
1033 2533 1096 2579 non
1111 2520 1179 2583 sunt

121 2613 150 2677 id
166 2612 274 2677 docent
291 2622 414 2677 eeteros.
432 2613 491 2678 Sed
507 2614 563 2678 hoo
577 2613 678 2678 minus
701 2611 825 2677 tortasse
844 2621 958 2687 errant,
976 2611 1058 2697 qnod
1074 2631 1135 2677 non
1148 2620 1180 2681 te,

120 2721 152 2775 ut
164 2709 375 2785 llannibalem,
392 2711 444 2775 sed
460 2731 570 2795 pueros
585 2723 635 2776 aut
652 2711 893 2776 adulescentulos
908 2708 1018 2774 docere
1032 2720 1180 2774 conantur.

160 2899 409 2952 oap.xv111.-
424 2898 476 2943 ⁷4.
496 2898 623 2942 utillum
638 2899 677 2942 ad
690 2910 782 2942 usum
798 2910 897 2941 meum
910 2897 1097 2942 -adnullum
1106 2904 1181 2941 meum

93 3001 96 3005 .
120 2979 204 3011 usum.

187 3055 238 3099 75.
251 3054 448 3108 pervaleam
461 3074 489 3086 =-
502 3051 562 3096 rieti
582 3066 594 3097 e
616 3051 717 3096 rancidi.
738 3075 763 3082 -
785 3065 853 3096 oum
875 3053 958 3106 ipse.
982 3049 1047 3095 Oum
1061 3050 1095 3096 ha
1108 3049 1182 3095 valore

118 3121 272 3176 concessivo;
286 3121 341 3175 ipse
356 3120 368 3164 ὲ
386 3120 503 3165 Graecus
518 3121 613 3164 doctor.
628 3142 654 3149 -
664 3118 951 3172 Peripateticus...
970 3116 1130 3169 Phormio,
1138 3113 1184 3159 filo·

119 3188 171 3233 solo
187 3188 279 3232 vissuto
294 3200 365 3231 verso
382 3187 396 3230 il
409 3188 446 3230 195
457 3201 478 3231 u.
488 3186 512 3230 O.
523 3186 577 3230 Non
594 3185 722 3239 supplanto
739 3184 801 3228 ultro
817 3184 842 3227 ‹li
853 3183 896 3227 lui.
906 3206 932 3214 -
944 3183 1119 3237 Ephesum,
1131 3176 1183 3225 ciue

118 3255 184 3299 della
197 3254 276 3308 Lidio,
291 3267 377 3307 presso
393 3254 417 3297 la
431 3253 485 3297 loce
501 3252 539 3296 del
556 3252 627 3296 hume
642 3250 789 3295 Caister.Fu
800 3249 897 3293 celebre
912 3249 953 3303 pel
968 3248 1063 3303 tempio
1074 3263 1087 3294 e
1098 3248 1114 3293 il
1125 3245 1183 3292 culto

118 3322 141 3365 di
157 3322 244 3365 iliona.
259 3344 283 3350 —
297 3319 503 3372 Antiochum,
519 3332 544 3362 re
560 3318 585 3361 di
604 3318 675 3370 Sirio,
690 3315 743 3369 che,
757 3315 852 3360 indotto
867 3316 899 3360 da
914 3315 1045 3369 Annibale,
1062 3310 1182 3360 mossenel

117 3389 164 3440 5621
169 3390 205 3431 tlt.)
219 3400 308 3439 gruorrn
319 3385 342 3429 ni
354 3385 464 3430 lloruuni.
474 3408 500 3416 -
515 3385 542 3428 ei
548 3398 584 3429 rto
605 3397 642 3428 no
650 3397 724 3434 ittera,
734 3382 786 3426 ciob
798 3381 821 3425 dt
831 3381 961 3426 Annibale.
971 3405 997 3412 —
1006 3395 1071 3427 non
1094 3379 1184 3426 nollo.

117 3459 182 3507 Noto
197 3458 220 3502 lu
235 3449 350 3515 λιτότης,
360 3470 405 3509 per·
420 3456 444 3499 la
454 3456 527 3509 quale
539 3455 559 3499 si
570 3459 679 3506 attenua,
692 3453 744 3497 eolo
755 3467 769 3496 a
783 3453 876 3505 parole,
891 3467 923 3496 un
939 3456 1052 3497 eoneetto
1068 3449 1183 3504 granden

117 3529 137 3573 ni
154 3529 208 3572 ‹lioe
226 3541 296 3572 meno
313 3527 337 3571 di
354 3527 410 3580 qnol
434 3527 479 3571 cho
494 3526 513 3571 si
534 3540 619 3580 pensa.
635 3548 661 3555 -
677 3537 737 3569 trorc
756 3525 875 3578 optime
899 3524 1016 3568 Graeco
1030 3544 1057 3558 -
1071 3537 1118 3569 non
1138 3517 1184 3566 oosl

116 3595 178 3640 beno
194 3608 262 3638 corne
277 3607 309 3636 un
323 3607 382 3637 roro
398 3594 486 3637 tlreoo.
502 3617 527 3624 -
543 3593 647 3636 libere
661 3611 688 3625 ==
702 3604 747 3635 eon
762 3604 811 3634 una
825 3595 893 3633 ουτω
908 3590 1057 3643 speditezze.

185 3683 235 3725 ⁷6.
252 3684 295 3725 tot
319 3681 431 3731 oneris,
447 3680 495 3724 ubl.
506 3695 518 3725 e
529 3694 575 3724 non
592 3677 751 3732 a‹·e.,porohe
767 3676 779 3721 b
794 3677 902 3721 indicato
918 3677 935 3721 il
951 3681 1034 3731 tempo
1056 3688 1135 3722 messo
1147 3670 1185 3718 nel

117 3750 168 3793 furo
184 3748 325 3792 un'uzione.
347 3747 412 3791 Rure
435 3746 501 3791 volte
521 3747 545 3790 in
560 3747 594 3790 tul
616 3759 674 3790 <raso
689 3744 709 3787 ei
725 3748 845 3797 prentette
861 3744 889 3787 r'n
904 3743 996 3788 nll’ubl.
1009 3767 1036 3774 —
1051 3742 1185 3788 omnium

116 3817 258 3871 perutilem
280 3815 416 3858 victore.
431 3813 479 3857 Cfr.
495 3814 520 3857 iu
536 3813 582 3857 boe
597 3811 728 3856 dornioilio
743 3811 849 3863 irnperit'
864 3814 887 3854 et
900 3811 1009 3865 ploriae,
1024 3809 1091 3861 1,105
1105 3821 1118 3852 e
1132 3800 1186 3849 redi

105 3888 173 3927 nota.
189 3904 216 3912 —
231 3884 267 3927 ut
278 3878 378 3925 Horon
388 3880 505 3925 thalem
518 3899 545 3912 -
554 3881 584 3923 ut
594 3877 721 3922 Phormio
731 3878 840 3919 coriatus
855 3879 892 3919 eet
902 3875 1085 3920 Hannibalem
1095 3874 1179 3917 docere
