2526 4246
162 156 204 197 ou
220 156 366 198 oeeroau
383 157 445 198 urs.
464 158 499 208 11,
517 144 588 201 ola.
607 156 938 207 και-1111119195
1054 144 1106 198 185

67 258 122 324 llers
139 281 172 327 ac
191 263 297 349 lugens
318 260 420 332 dicere
441 263 609 331 videbatur.
634 261 717 347 Quae
739 264 764 328 si
787 263 839 329 ille
859 263 975 341 histrio,
999 264 1107 331 cotidie

65 379 114 426 eum
131 374 237 450 ageret,
262 374 363 430 tamen
379 364 486 452 [recte]
501 386 591 454 agere
606 367 672 432 sine
688 366 793 432 dolore
811 386 872 432 non
888 376 1016 451 poterat,
1033 366 1107 451 quid

65 461 199 533 Pacuvium
221 467 334 554 putatis
356 468 388 534 in
411 469 570 535 scribendo
593 469 655 534 leui
678 470 782 535 auimo
804 491 838 534 ac
853 469 979 535 remisso
994 468 1106 535 luisse?

65 563 121 632 Fieri
141 572 223 636 nullo
245 571 336 637 modo
357 572 465 657 poluit.
510 573 608 658 Saepe
630 572 714 638 erriur
733 572 835 638 audivi
852 582 972 657 poetam
992 572 1107 637 bonum
1135 578 1184 633 194

64 672 192 738 neminem
214 711 256 719 -
279 672 309 737 id
332 673 414 759 quod
436 695 452 738 a
474 674 646 740 Democrito
669 686 699 740 et
722 674 901 740 Platonem
924 673 1044 759 scriptis
1063 693 1107 738 re·

64 770 144 839 lictum
163 796 228 841 esse
250 775 355 842 dicunt
376 814 418 824 -
433 777 499 843 sine
514 777 757 843 inflammatione
772 777 946 842 animorum
962 776 1107 842 exsistere

63 892 128 956 posse
147 889 174 943 et
197 877 262 943 sine
284 878 417 964 quodam
439 880 553 946 adllatu
576 881 661 966 quasi
687 880 808 947 luroris.

93 975 224 1049 Xhlll.
247 981 348 1066 Quare
371 983 465 1049 rrolite
487 983 663 1049 existimare
685 1003 735 1049 me
760 983 872 1067 ipsum,
895 983 945 1068 qui
972 1002 1033 1048 rron
1057 983 1107 1049 lte-

63 1098 128 1152 tcum
147 1095 263 1151 veteres
277 1106 363 1151 casus
380 1085 523 1172 ficusque
541 1088 638 1152 luctus
654 1087 747 1151 velim
764 1086 877 1151 imitari
894 1096 984 1171 atque
999 1086 1106 1151 adum-

62 1178 129 1250 brare
148 1187 274 1253 dicendo
291 1227 331 1235 —
347 1208 447 1273 neque
458 1199 539 1254 actor
551 1209 619 1254 sum
631 1189 750 1254 alienae
764 1209 922 1275 personae,
935 1188 988 1253 sed
1003 1199 1107 1254 auctor

62 1302 126 1353 meae
141 1329 190 1368 —,
206 1311 275 1357 cum
297 1291 375 1355 milri
392 1290 439 1354 Μ’.
457 1291 594 1377 Aquilius
617 1291 649 1355 iu
673 1290 793 1356 civitate
817 1291 996 1356 retinendus
1018 1303 1105 1370 esset,

62 1405 119 1470 quae
131 1393 158 1457 iu
176 1394 227 1459 illa
242 1414 329 1459 causa
345 1393 514 1479 peroranda
529 1393 662 1471 fecerim,
675 1394 741 1459 siue
754 1414 863 1480 roaguo
875 1394 979 1459 dolore
992 1393 1104 1459 iecisse.

62 1488 135 1571 Quem
154 1497 237 1562 euim
259 1517 313 1582 ego
336 1498 491 1563 consulem
513 1497 616 1573 fuisse,
639 1497 855 1582 imperatorem
873 1507 1016 1562 ornatum
1030 1518 1047 1561 a
1063 1518 1105 1562 se·
1136 1500 1183 1555 195

62 1606 123 1673 ratu,
142 1610 283 1665 orantem
304 1599 337 1663 iu
360 1598 540 1685 Capitolium
565 1599 755 1664 adscendisse
779 1599 996 1676 meminissem,
1025 1598 1106 1664 huuc

61 1714 111 1764 tum
123 1702 282 1778 adflictum,
299 1701 500 1779 debilitatum,
516 1714 716 1779 maerentem,
729 1703 760 1766 iu
774 1722 929 1767 summum
937 1702 1105 1767 discrimen

62 1799 196 1872 allectum
212 1805 360 1883 riderem,
377 1824 437 1871 nou
455 1805 541 1891 prius
557 1826 624 1871 sum
643 1816 767 1871 conatus
783 1805 1023 1870 misericordiam
1039 1805 1106 1869 aliis

61 1918 233 1985 commovere,
257 1927 350 1993 quam
372 1907 579 1974 misericordia
602 1928 670 1973 sum
694 1909 758 1993 ipse
779 1920 892 1994 eaptus.
914 1909 1001 1973 Sensi
1025 1909 1107 1993 equi-

62 2000 112 2071 dem
129 2021 190 2076 tum
212 2030 324 2096 magno
339 2029 431 2094 opere
444 2011 562 2077 moveri
579 2010 703 2086 iudices,
720 2031 788 2076 rum
804 2011 930 2076 excitavi
956 2021 1106 2077 maestum

62 2124 86 2170 ar
101 2113 277 2179 sordidatum
299 2132 404 2177 senem
419 2123 449 2177 et
466 2133 536 2178 cum
552 2113 608 2179 ista
625 2113 689 2189 ieci,
707 2134 784 2198 quae
800 2124 842 2189 tu,
859 2113 973 2190 Crasse,
991 2114 1105 2191 laudas,

62 2258 323 2281 κ-ῇ-

62 2339 247 2391 sulmonense.
269 2343 317 2389 Per
332 2341 467 2396 intendere,
483 2344 613 2397 eggiungi:
627 2345 758 2389 rationem
777 2345 902 2389 hebreisii.
916 2343 973 2388 Gosl
989 2343 1004 2387 il
1027 2343 1106 2399 Sorof.

60 2400 166 2461 lotisiehe
180 2414 308 2461 l'efficaoia
318 2413 355 2458 do'
366 2414 429 2458 versi
445 2413 513 2458 citati
524 2428 637 2468 nascere,
647 2415 709 2460 oltre
720 2414 764 2460 che
776 2415 842 2459 dalla
858 2413 993 2459 situazione
1009 2413 1105 2458 dromu-

58 2473 179 2534 ἲ9111111111)
194 2486 235 2531 dal
260 2484 412 2537 sigmatismo
436 2484 565 2536 (ricomere
581 2485 647 2530 delle
667 2486 755 2530 lettere
773 2492 796 2535 a)
816 2499 828 2529 e
844 2485 909 2530 ‹lalle
925 2484 1106 2529 allittorazioni.

58 2565 77 2575 “
90 2565 147 2601 cum
159 2561 279 2613 oneret.
296 2554 361 2600 Cum
376 2555 389 2600 ie
403 2555 554 2600 concessise.
570 2556 714 2602 -111112,1
736 2570 771 2600 ac
789 2557 936 2609 remisso,
952 2555 1105 2600 indifferenter

58 2620 153 2673 elrerldo.

106 2733 168 2779 194.
182 2736 311 2788 poetam
326 2731 451 2783 borram,
466 2745 527 2783 gran
549 2735 631 2784 poete.
651 2755 677 2761 —
699 2731 898 2785 Democrito,
919 2731 1106 2786 114149,-

57 2789 183 2859 Ρὶαέοηε,
197 2804 238 2849 nel
252 2802 340 2855 Fedro,
354 2803 402 2854 245,
415 2801 479 2845 A.-
494 2802 760 2855 inflammatione
782 2803 976 2855 animorum,
991 2817 1023 2847 un
1038 2812 1106 2848 certo

57 2871 189 2930 “sslusiesmm
199 2875 287 2921 ardore
303 2873 368 2917 dello
383 2872 477 2926 spirito,
491 2873 563 2917 fuoeo
579 2886 656 2918 sacro.
668 2873 760 2926 Questo
776 2873 870 2918 dissero
886 2874 1106 2928 giaPtetone‚1rel

57 2930 106 2983 lerze
123 2943 158 2988 ‹le’
172 2943 228 2988 libri
248 2942 349 2998 aequm
367 2959 381 2990 o
400 2939 493 3006 Νόμοι,
509 2961 521 2992 e
537 2947 609 2992 Orm.
623 2961 634 2991 ‹
650 2948 689 2992 De
704 2952 762 2992 arte
784 2950 896 2994 artandi
910 2959 920 2989 ›
942 2949 986 2992 Ill.
1001 2950 1105 3003 oacrio,

56 2995 120 3056 Epist.
139 3015 172 3058 ort
186 3014 283 3069 Pteom,
296 3029 318 3060 v.
332 3018 430 3072 ato-297,
447 3021 599 3065 ...excludit
613 3033 694 3064 sance
709 3019 833 3065 Helicone
844 3025 937 3076 poetae

440 3099 628 3145 Democritus..
638 3107 645 3145 .’

68 3205 145 3277 ,0811
160 3214 294 3259 ΧΙΝΠ.
309 3238 335 3245 -
349 3217 489 3263 heroum.
505 3217 590 3263 Heres
605 3217 617 3262 ie
632 3232 677 3272 per
692 3219 740 3262 Cic.
756 3219 772 3262 il
795 3218 905 3270 semidic,
920 3218 936 3261 il
952 3218 1019 3270 figlio
1039 3218 1104 3262 elellu

55 3267 147 3336 dumiiah
161 3297 216 3329 raro
232 3284 246 3329 ὸ
261 3283 307 3329 ohe
328 3287 490 3340 corrisponda
504 3289 528 3333 ul
547 3293 751 3334 1011101101».-
767 3293 858 3333 actor·
881 3301 949 3332 curre
973 3289 1104 3333 alienae

52 3344 188 3394 perronae
201 3368 228 3385 ·=
242 3351 325 3404 voglio
340 3359 531 3407 suppresenlare
546 3369 578 3399 un
592 3356 759 3409 personaggio
775 3352 806 3399 da
828 3368 910 3399 scena.
926 3377 951 3384 -
966 3358 1057 3399 actor

54 3417 157 3481 (lucter,
171 3421 236 3467 l'uno
252 3421 284 3467 (la
299 3435 354 3477 aaa,
367 3424 447 3469 l’altro
463 3426 495 3470 da
510 3439 598 3481 arcaea.
612 3450 637 3456 -
652 3426 684 3469 M
691 3427 703 3469 '.
717 3427 886 3481 Aqreiliere,
902 3439 923 3468 u.
939 3429 948 3474 5
965 3428 1010 3470 teo.

102 3524 412 3582 marmoratam
434 3535 586 3576 armatam
607 3545 624 3576 a
645 3531 974 3585 cereata=appellalarrr
989 3532 1103 3586 impera,-

50 3585 115 3663 ‘irem
128 3602 252 3643 asmata
266 3601 382 3644 oramidi
396 3614 479 3646 caasa
535 3608 638 3648 onerato
659 3602 699 3646 del
714 3602 804 3647 Serreto
820 3602 858 3647 eol
874 3602 944 3647 titolo
960 3603 985 3649 (11
1000 3617 1103 3663 genera

50 3652 132 3711 ltstimo.
146 3692 171 3699 -
185 3674 346 3725 orantem,
359 3672 490 3717 coll'onore
500 3673 683 3725 rlell'ovezione,
695 3673 739 3717 che
750 3673 937 3719 consisteronel
947 3679 1019 3727 poter
1028 3676 1102 3719 salire
1163 3719 1169 3731 ,

50 3729 78 3773 tul
89 3734 260 3794 eampidoglm,
274 3754 320 3786 oon
334 3755 382 3786 unu
404 3743 488 3796 specie
503 3744 527 3788 di
543 3749 634 3789 seetlro
655 3743 679 3787 in
702 3757 781 3797 urano,
794 3742 930 3796 preceduto
941 3743 1008 3789 dalla
1021 3745 1103 3791 carul-

49 3794 103 3858 leuia,
115 3822 198 3856 aeuon
208 3810 231 3854 cti
242 3810 321 3866 flenti,
328 3812 418 3858 vestito
429 3813 453 3857 di
461 3828 577 3868 perpere,
586 3828 600 3858 a
610 3813 761 3861 sacriflcerri
771 3827 820 3858 une
827 3815 1101 3866 peeorawoiaovatiol.

49 3880 210 3930 macliavi
230 3900 259 3916 ··
279 3883 383 3928 sollevai
405 3883 428 3927 di
451 3890 523 3931 terra.
544 3908 571 3917 -
591 3885 800 3934 errrdidalam
818 3883 983 3940 111180τά1111
1002 3884 1105 3932 {eleeto
