2526 4246
180 145 183 152 ¹
282 144 325 184 na
342 144 488 186 onerosa
504 146 566 185 ma.
586 146 609 197 1,
628 143 696 185 eae.
715 142 798 192 rv-v,
819 141 907 192 s1a-1e
1094 125 1128 178 23

57 247 138 326 dine,
161 269 283 315 summa
310 251 524 336 magistrorum
549 249 644 336 copia,
672 245 940 334 praestantissimis
967 244 1128 309 hominum

58 350 197 436 ingeniis,
222 349 345 415 infinita
359 370 526 439 causarum
549 350 704 426 varietate,
728 347 923 434 amplissimis
937 345 1128 431 eloquentiae

56 453 220 537 propositis
242 453 388 539 praemiis
410 473 475 518 esse
497 473 603 518 causae
616 462 712 538 putet,
731 451 789 515 nisi
805 451 849 516 rei
865 449 1018 535 quandam
1034 449 1128 513 incre-

56 553 184 620 dibilem
199 555 445 638 magnitudinem
468 576 502 620 ac
523 553 752 620 difficultatem?
769 518 846 636 fEst
861 552 944 617 enim
959 561 990 615 et
1004 550 1127 614 scientia
1154 555 1188 609 17

56 656 347 741 comprehendenda
369 676 473 722 rerum
495 658 550 766 plq
568 657 610 721 im
630 675 709 733 rum,
733 655 798 720 sine
821 675 880 740 qua
895 652 1060 718 verborum
1078 672 1129 717 vo-

58 757 190 822 labilitas
207 758 310 822 inanis
325 770 414 843 atque
430 678 702 843 irrtdei'racdjdfd
718 757 781 841 ipsa
798 756 893 821 oratio
912 752 1128 819 conformanda

58 879 118 924 non
139 861 242 925 solum
269 860 425 936 electione,
453 855 511 924 sed
533 860 625 924 etiam
651 859 873 924 constructione
894 855 1069 931 verborum,
1098 864 1128 920 et

57 980 160 1026 omnes
183 961 361 1027 animorum
384 971 492 1037 motus,
510 982 585 1046 quos
605 961 766 1025 hominum
780 959 884 1045 generi
901 978 1005 1024 rerum
1019 968 1128 1023 natura

58 1063 172 1138 tribuit,
197 1063 322 1147 penitus
343 1062 554 1148 pernoscendi,
577 1061 659 1148 quod
681 1061 780 1126 omnis
795 1061 841 1157 qis
877 1061 993 1157 ,tioque
1008 1058 1126 1125 dicendi

59 1165 89 1228 in
111 1185 231 1242 eorum,
256 1164 308 1249 qui
330 1164 467 1242 audiunt,
491 1165 645 1231 mentibus
666 1173 719 1229 aut
739 1082 947 1251 sedaffi'aiit
963 1161 1129 1226 excitandis

59 1265 269 1352 expromenda
290 1277 344 1331 est.
368 1267 493 1331 Accedat
514 1266 621 1331 eodem
643 1276 762 1350 oportet
790 1240 875 1351 lepos
903 1263 1029 1349 quidam
1054 1263 1128 1328 iace·

60 1369 177 1454 tiaeque
200 1377 231 1434 et
253 1367 383 1434 eruditio
413 1369 510 1433 libero
535 1369 627 1454 digna
653 1368 742 1469 celqr'
824 1372 851 1431 'e
879 1376 909 1431 et
937 1365 1069 1481 brpvjpls
1098 1376 1128 1430 et
1199 1420 1203 1428 .

755 1431 791 1471 ινῖῑ

766 1472 773 1485 1

61 1469 264 1556 respondendi
288 1479 318 1534 et
340 1469 504 1534 lacessendi
527 1469 630 1535 subtili
654 1462 691 1534 vd
706 1444 811 1583 §tate
841 1478 931 1551 atque
955 1464 1128 1545 urbanitate

60 1574 227 1638 coniuncta.
272 1571 416 1636 Tenenda
437 1582 594 1656 praeterea
617 1581 662 1637 est
683 1569 783 1634 omnis
799 1569 962 1653 antiquitas
976 1571 1128 1654 exemplo·
1155 1575 1187 1629 18

62 1694 190 1760 rumque
212 1673 268 1747 vis,
293 1693 392 1758 neque
414 1675 516 1760 legum
536 1694 571 1749 ac
592 1673 667 1757 iur's
690 1671 787 1737 civilis
802 1670 926 1736 scientia
941 1671 1128 1757 neglegenda

62 1787 112 1842 est.
134 1776 213 1841 Nam
236 1775 310 1860 quid
333 1795 386 1860 ego
408 1775 446 1841 de
469 1732 592 1863 aqistttd‘
605 1695 671 1860 iqisa
693 1775 783 1859 plura
805 1773 921 1839 dicam?
942 1852 946 1858 1
971 1852 975 1857 ,
1005 1794 1021 1838 e
1043 1784 1138 1867 motus
1154 1836 1172 1869 Ι,

62 1878 203 1964 corporis
227 1896 306 1962 quae
327 1848 640 1987 gestrryqqaesvultu,
657 1897 735 1962 quae
749 1876 829 1941 vocis
844 1864 1081 1941 confirmatione
1096 1866 1130 1941 a'c

63 1980 207 2044 uarietate
229 1947 505 2063 midei‘alida'tefftf
516 1953 603 2063 tq'uae
628 1998 660 2044 so
675 1984 678 1989 '
692 1997 773 2083 -qper
799 1998 831 2042 se
857 1977 922 2061 ipsa
945 1964 1065 2095 [quama
1090 1976 1130 2042 sit

64 2079 246 2146 histrionum
269 2078 352 2144 leus
366 2058 424 2144 'ars
436 2088 467 2145 et
488 2099 594 2144 scaena
610 2046 654 2144 dd
672 2051 764 2171 '‘ra'm
789 2079 820 2143 in
843 2099 902 2162 qua
928 2072 997 2142 cuth
1023 2097 1129 2143 omnes

64 2183 177 2247 inuris
198 2191 230 2246 et
251 2180 332 2246 vocis
354 2190 384 2246 et
405 2191 505 2247 motus
526 2174 736 2246 moderatione
757 2179 905 2273 laborent,
930 2180 996 2264 quis
1011 2181 1130 2266 ignorat

64 2304 151 2370 quam
174 2283 262 2369 pauci
286 2283 347 2350 sint
369 2283 542 2368 fuerintque
564 2305 647 2391 (199⁸,
661 2266 882 2371 anirdfdaequo
904 2292 1039 2366 spectare
1063 2302 1130 2366 pos·
1239 2366 1243 2371 Ι

64 2388 174 2452 simus?
198 2382 280 2468 Quid
301 2383 398 2450 dicam
421 2386 459 2451 de
481 2368 624 2451 thesdurd
643 2380 750 2450 ‘rerum
777 2384 930 2460 omnium,
961 2383 1128 2448 memoria?
1219 2372 1242 2383 ”

63 2509 138 2574 quae
149 2486 209 2552 nisi
221 2495 320 2552 custos
331 2486 464 2552 inventis
474 2487 668 2573 cogitatisque
680 2486 771 2551 rebus
782 2496 813 2551 et
823 2484 925 2550 verbis
937 2459 1156 2564 allidetur‚'÷
1182 2467 1190 2493 ¹

63 2589 195 2675 intellegi
233 2607 268 2654 us
290 2589 402 2666 ornnia,
415 2590 506 2654 etiam
527 2590 551 2654 si
568 2589 808 2675 praeclarissima
823 2586 937 2652 luerint
952 2588 1128 2666 intrature,

62 2694 207 2779 peritura.
238 2692 351 2776 ‚Quam
366 2692 405 2757 ob
421 2712 486 2757 rem
507 2692 613 2756 mirari
636 2691 810 2757 desinamus
825 2712 903 2777 quae
917 2712 1004 2757 causa
1019 2693 1057 2756 sit
1072 2692 1131 2757 elo·
1156 2698 1188 2752 19

61 2797 222 2882 quentium
244 2795 411 2882 paucitatis,
435 2814 503 2861 cum
525 2815 562 2860 ex
588 2794 626 2859 iis
656 2792 746 2859 rebus
775 2793 927 2859 universis
956 2794 1130 2879 eloquentia

64 2952 366 2984 -...,.-.

128 3036 177 3080 1⁷.
196 3034 367 3079 uerborum
386 3034 580 3078 volubilitas
601 3033 642 3083 (do
662 3031 743 3081 volvo)
762 3052 789 3067 -
810 3031 869 3086 toga
889 3033 990 3086 copiosa
1011 3031 1051 3076 del
1072 3031 1133 3087 dire,

61 3104 195 3152 verbositd.
215 3127 243 3135 -
271 3105 376 3148 oratio
404 3104 637 3159 conformando
660 3122 687 3135 =
708 3102 789 3147 vuolsi
810 3103 854 3147 dar
875 3102 954 3147 forma
976 3101 1086 3146 artistica
1108 3103 1131 3146 el

61 3174 181 3220 discorso.
193 3197 222 3205 -
237 3174 477 3218 constructione
496 3173 671 3224 verborum,
685 3174 804 3216 struttura
814 3172 853 3216 del
863 3170 972 3225 periodo.
986 3194 1012 3201 —
1027 3172 1132 3215 eodem

61 3265 89 3279 ε-
103 3257 118 3289 a
131 3247 196 3289 tutto
215 3242 262 3288 oid.
280 3266 306 3274 —
326 3245 413 3299 lepos
434 3264 461 3278 -
474 3243 559 3297 grazia
579 3243 604 3288 di
624 3242 794 3295 motteggiere.
816 3266 841 3273 -
863 3243 965 3286 libero
987 3242 1085 3295 diqrca

61 3315 144 3368 degne
158 3315 256 3358 d‘uomo
270 3312 355 3368 libero,
367 3315 484 3367 ingenuo,
501 3328 548 3359 non
570 3327 651 3361 servo·
668 3335 695 3342 -
713 3314 834 3358 subtili
851 3315 1025 3357 cereostato
1044 3333 1071 3346 -ι
1086 3325 1132 3357 eon

62 3385 141 3439 garbo
156 3383 272 3430 delicato.
286 3407 311 3416 -
331 3386 510 3430 coniuncta.
531 3384 578 3429 etr.
592 3387 618 3428 57
632 3397 646 3427 e
661 3385 707 3426 243.

129 3491 179 3534 18.
206 3487 395 3537 Ponenda...
420 3493 466 3535 eat
487 3490 588 3534 omnic
610 3488 803 3542 antiquitas
823 3508 850 3521 =
871 3488 979 3541 Bisogna
1001 3501 1132 3534 conoscere

62 3563 128 3606 tutta
142 3560 167 3605 la
182 3557 261 3604 storia
274 3571 287 3603 e
301 3560 326 3604 la
339 3559 391 3606 vita
404 3561 494 3606 antica.
507 3584 533 3591 —
556 3561 591 3605 de
607 3558 734 3604 actione
750 3578 777 3592 -
797 3558 1049 3612 dell'atteggiamento
1069 3563 1133 3605 este·

62 3630 129 3675 tiore
144 3630 184 3674 del
200 3641 283 3685 corpo,
296 3629 349 3675 cioe
364 3631 430 3675 dello
440 3643 500 3676 voce
511 3643 524 3676 e
535 3630 574 3675 del
585 3633 654 3684 gesto
665 3627 820 3675 dell'orctorc
835 3628 896 3674 tutto
912 3629 1017 3674 secondo
1032 3632 1093 3673 arte.
1107 3651 1134 3663 -

63 3698 170 3744 animo
195 3709 292 3753 aequo
309 3719 336 3734 -
355 3699 499 3755 volentieri,
520 3713 566 3745 eon
587 3698 681 3744 diletto.
700 3719 727 3728 -·
747 3698 816 3743 aciei
837 3702 953 3743 custos.
977 3697 1025 3742 (llr.
1045 3698 1134 3752 ΤΛεεο,

65 3769 127 3815 Ger.
139 3767 207 3818 Lib..
222 3768 391 3824 1‚3o:u1ence,
405 3770 471 3824 degli
486 3770 544 3815 anni
558 3782 572 3815 e
586 3766 710 3814 dell’oblio
724 3767 820 3813 nemice
835 3792 861 3800 -
875 3768 945 3813 Dellc
960 3779 1016 3812 cose
1031 3767 1133 3812 custode

64 3854 80 3885 o
95 3838 256 3896 dispondere.
270 3865 295 3874 -
311 3842 472 3897 peritura,
493 3840 537 3895 qut
549 3841 619 3886 vale:
632 3838 737 3893 perdere
752 3839 777 3883 la
793 3838 896 3894 propria
912 3837 1022 3883 efficacia
1036 3837 1134 3888 (Sorof).
