2526 4246
177 144 224 183 ou
241 114 390 184 osnrorur
407 143 468 182 urs.
487 143 509 196 1,
529 142 598 182 car.
618 143 844 192 xxvn-xxvrrr,
868 141 983 191 amu-tto
1087 128 1120 181 59

54 268 124 332 quae
135 249 228 314 nohis
244 268 308 314 non
322 267 481 334 possumus
494 248 618 335 fingere,
631 247 729 326 facies,
742 249 853 326 vultus,
866 268 967 312 sonus.
1011 245 1045 310 ln
1056 266 1120 312 ora·
1147 252 1195 304 128

55 360 112 415 tore
145 360 252 416 autem
283 370 411 416 acumen
439 349 673 428 dialecticorum,
703 350 826 415 scientia
855 349 1119 435 philosophorum,

55 452 141 517 verba
152 472 253 539 prope
265 462 435 538 poetarum,
450 451 598 517 memoria
613 451 917 529 iurisconsultorum,
934 471 992 515 vox
1008 461 1120 536 tragoe-

53 553 178 632 dorum,
203 563 308 640 gestus
334 573 431 638 paene
456 572 646 620 summorum
677 562 812 619 actorum
838 563 882 618 est
904 553 1118 637 requirendus.

53 655 147 737 Quam
162 657 202 728 ob
217 675 287 721 rem
302 654 381 720 nihil
397 655 429 719 in
445 655 604 720 hominurn
619 674 729 735 genere
744 654 843 721 rarius
853 654 985 739 perfecto
1000 664 1119 719 oratore
1156 728 1168 742 Ι,

54 756 184 822 inveniri
198 766 309 842 potest.
333 755 416 839 Quae
430 756 513 821 enim
528 756 716 842 singularum
731 776 836 822 rerum
851 755 981 820 artifices
1002 755 1118 842 singula

53 859 75 922 si
98 858 295 924 mediocriter
317 857 418 944 adepti
440 869 520 935 sunt,
543 858 721 942 probantur,
744 879 779 923 ea
802 858 859 923 nisi
877 857 978 922 omnia
1000 877 1117 921 summa

51 961 175 1026 suntin
197 969 331 1037 oratore,
354 960 476 1045 probari
499 980 559 1024 non
582 969 716 1044 possunt.
1059 974 1062 980 ·

94 1063 171 1128 Tum
194 1061 334 1127 Crassus:
358 1061 445 1146 Atqui
461 1060 540 1137 vide,
557 1061 666 1146 inquit,
682 1060 714 1125 in
731 1060 857 1126 artificio
872 1081 1020 1150 perquam
1034 1062 1118 1126 tenui
1145 1062 1195 1119 129

51 1175 81 1227 et
104 1164 165 1231 levi
188 1165 394 1249 quantoplus
423 1163 604 1228 adhiheatur
625 1162 806 1248 diligentiae,
830 1182 921 1246 quam
944 1163 975 1227 in
998 1163 1053 1227 hac
1074 1184 1118 1240 re,

52 1286 147 1350 quam
158 1275 275 1330 constat
287 1284 353 1330 esse
363 1265 537 1330 maximam.
562 1264 658 1350 Saepe
669 1264 752 1329 enim
761 1266 842 1328 soleo
853 1264 959 1330 audire
970 1264 1118 1341 Roscium,

50 1388 122 1433 cum
146 1367 186 1432 ita
208 1366 299 1443 dicat,
321 1386 353 1432 se
378 1366 476 1432 adhuc
499 1366 634 1452 reperire
660 1366 852 1451 discipulum,
877 1387 968 1450 quem
995 1366 1119 1451 quidem

52 1470 207 1555 probaret,
223 1469 357 1554 potuisse
379 1469 542 1546 neminem,
558 1489 619 1533 non
635 1490 694 1553 quo
717 1488 778 1532 non
794 1478 893 1533 essent
915 1469 1038 1552 quidam
1054 1490 1120 1553 pro-

53 1572 181 1648 habiles
195 1571 250 1635 sed
273 1571 353 1655 quia,
370 1571 394 1634 si
410 1555 532 1655 'aliquid
547 1570 637 1635 modo
651 1581 730 1636 esset
744 1570 820 1647 vitii,
836 1569 867 1634 id
883 1569 962 1635 ferre
980 1570 1045 1655 ipse
1059 1591 1119 1636 non

52 1683 164 1758 posset.
208 1671 291 1736 Nihil
314 1682 358 1736 est
373 1673 455 1737 enim
469 1682 532 1737 tam
554 1673 669 1758 insigne
683 1691 739 1737 nec
752 1681 814 1736 tarn
830 1671 868 1736 ad
889 1671 1119 1738 diuturnitatem

54 1775 220 1840 memoriae
237 1769 354 1850 stabile,
371 1794 462 1859 quam
478 1774 518 1852 id,
535 1774 566 1839 in
588 1795 647 1859 quo
662 1774 777 1858 aliquid
792 1773 963 1839 ollenderis.
1008 1774 1120 1860 ltaque,

55 1887 88 1941 ut
111 1876 151 1940 ad
172 1876 251 1942 hanc
271 1875 504 1941 similitudinem
528 1876 616 1942 huius
640 1876 793 1940 histrionis
815 1876 977 1941 oratoriam
1000 1877 1120 1942 laudem

53 1979 233 2063 dirigamus,
249 1977 400 2043 videtisne
421 1997 513 2063 quam
535 1978 613 2043 nihil
630 1978 668 2043 ab
683 1997 718 2043 eo
733 1978 791 2042 nisi
813 1978 954 2063 perfecte,
970 1979 1048 2043 nihil
1063 1979 1120 2044 nisi

54 2100 128 2144 cum
149 2098 269 2145 summa
291 2089 447 2144 venustate
469 2079 531 2156 fiat,
554 2080 612 2144 nisi
640 2081 690 2157 ita,
714 2089 747 2145 ut
769 2079 871 2146 deceat
893 2090 922 2145 et
947 2081 989 2145 uti
1018 2101 1122 2145 omnes
1205 2127 1208 2130 <

56 2190 178 2246 moveat
199 2190 290 2266 atque
311 2179 458 2245 delectet?
481 2181 583 2267 ltaque
605 2182 661 2246 hoc
676 2182 736 2246 iam
751 2180 804 2247 diu
822 2192 866 2246 est
881 2192 1062 2258 consecutus,
1078 2192 1122 2255 ut,

57 2285 88 2347 in
112 2303 172 2368 quo
195 2283 323 2368 quisque
345 2281 472 2348 artificio
494 2284 663 2359 excelleret,
687 2283 712 2346 is
735 2282 765 2346 in
789 2303 843 2348 suo
870 2303 980 2368 genere
1003 2282 1123 2347 Roscios

56 2387 217 2450 diceretur.
242 2383 323 2448 llano
345 2405 399 2470 ego
421 2386 640 2452 ahsolutionem
654 2372 929 2470 perfectionemque
951 2388 982 2449 in
1005 2396 1124 2449 oratore

125 2555 197 2599 128.
208 2556 387 2608 poetarum.
401 2551 448 2596 Cfr.
463 2555 475 2603 l
488 2553 515 2596 to
529 2564 542 2596 e
556 2551 600 2605 111,
614 2554 633 2604 7,
647 2553 688 2596 27:
707 2550 793 2605 Atque
813 2551 841 2594 lul
857 2551 979 2605 primum
1000 2553 1029 2596 irc
1038 2552 1124 2606 poetis

58 2625 131 2668 cerni
145 2623 212 2677 licet,
227 2623 322 2678 quihus
333 2625 375 2667 ‚eat
385 2621 511 2676 procum
520 2621 638 2676 cognatio
647 2634 707 2666 cum
717 2621 872 2664 oratoribus.
882 2643 907 2651 —
918 2621 1124 2675 structarum

60 2707 168 2739 rerum
189 2693 336 2747 artifices
352 2713 378 2727 -
392 2691 526 2746 professori
536 2691 562 2736 di
575 2691 622 2736 arti
637 2691 746 2745 speciali.
760 2715 786 2722 -
801 2705 847 2744 ea,
868 2691 919 2735 scil.
933 2705 999 2746 quae
1013 2693 1125 2748 adeptus

60 2769 148 2810 orator
161 2765 203 2809 eit.

126 2844 196 2888 129.
211 2843 244 2888 in
263 2843 412 2897 artificio
432 2862 459 2876 -
474 2841 500 2886 in
513 2855 563 2886 una
575 2840 737 2895 professione,
752 2841 777 2885 in
796 2841 904 2886 un'erte.
924 2865 951 2874 -
967 2855 1125 2897 perquam

63 2915 149 2958 tenui
171 2917 194 2958 et
215 2913 291 2965 leof,
310 2911 402 2965 perche
422 2911 492 2956 l'erte
513 2911 607 2956 comico
620 2910 647 2955 fu
662 2910 761 2955 stimate
781 2910 830 2955 rile
852 2910 893 2955 dai
912 2911 1017 2957 Romani
1037 2912 1085 2958 fino
1100 2913 1125 2957 al

65 2996 138 3036 segne
153 2983 177 3027 di
191 2982 330 3029 dichiarare
343 2982 457 3036 infames
471 2981 506 3034 gli
520 2982 606 3035 atteri,
624 2994 693 3026 come
714 2981 755 3026 del
774 2983 851 3026 codex
866 2980 1022 3037 Justmicn,
1035 2983 1079 3038 XI,
1092 2986 1126 3028 41.

66 3076 90 3084 —
109 3067 195 3108 qoem
215 3055 343 3109 quidem
360 3054 523 3107 probaret.
543 3038 627 3097 h'luna
639 3051 812 3107 proposizione
828 3053 931 3098 relative
945 3053 1083 3108 limitatiro,
1100 3055 1125 3098 in

68 3128 155 3176 quanto
168 3137 237 3169 serre
247 3138 262 3168 o
272 3123 419 3175 restringere
430 3122 624 3176 un'espressione
636 3121 757 3175 generale.
771 3123 799 3167 In
813 3123 848 3167 tal
862 3137 919 3168 caso
933 3123 951 3167 il
965 3124 1035 3168 relat.
1049 3125 1126 3171 osolo

70 3205 134 3238 ocon
144 3195 346 3248 quedammodo,
354 3194 421 3238 vale:
431 3195 550 3249 chepelre
559 3196 636 3243 (come
647 3194 762 3248 quil,per
772 3194 857 3248 quello
867 3195 912 3238 che
920 3194 953 3248 io,
960 3198 996 3248 tu,
1003 3195 1060 3249 egli,
1070 3208 1127 3247 ecc,

72 3263 125 3307 elia
138 3265 154 3310 il
169 3264 243 3309 verbo
258 3265 282 3308 al
296 3276 366 3316 cong.
380 3263 443 3308 Vedi
458 3263 485 3308 F.
500 3264 626 3317 chromo,
646 3263 721 3309 citato
736 3263 802 3308 nelle
815 3277 873 3317 pag.
882 3267 909 3310 27
920 3263 945 3307 di
959 3268 1047 3316 questo
1061 3278 1127 3310 oom-

75 3339 190 3378 mento.-
206 3334 397 3389 probabiles
417 3353 444 3370 =
465 3333 613 3378 abestenza
632 3332 714 3378 buoni.
735 3357 761 3363 —
782 3334 875 3379 Nihil
897 3324 1056 3388 est'enim,
1078 3350 1127 3381 eoo.

75 3421 96 3434 =
109 3402 195 3449 Perehe
209 3404 277 3449 nulla
292 3404 317 3448 fa
330 3408 398 3455 tento
413 3404 496 3449 effetto
511 3418 524 3449 e
539 3407 606 3448 tanto
621 3402 785 3448 diffieilmente
796 3404 818 3449 si
827 3404 959 3449 dimentica
968 3405 1013 3456 (od
1022 3397 1126 3452 diutur-

77 3473 175 3517 nitatem
187 3475 327 3519 memoriae
340 3475 449 3526 stabile),
464 3478 556 3528 quanto
571 3472 609 3518 oid
623 3474 649 3518 in
663 3472 703 3519 oui
717 3474 776 3518 siasi
793 3477 874 3519 errato
889 3474 915 3535 in
929 3474 1033 3529 qualche
1048 3478 1128 3524 modo.

134 3554 200 3597 loo.
215 3557 286 3598 act...
300 3553 479 3608 dirigamus
492 3567 554 3598 ase
569 3553 680 3598 dell’erte
695 3553 804 3598 orotoria
813 3552 833 3598 si
847 3554 904 3598 vuol
918 3554 1036 3600 favellare
1050 3556 1075 3601 in
1089 3572 1128 3601 rc·

80 3619 141 3668 sione
151 3622 173 3666 dl
183 3623 219 3668 oid
229 3623 274 3668 che
284 3626 370 3677 questo
380 3624 473 3669 comico
483 3637 560 3678 penso
570 3622 636 3668 della
652 3637 704 3669 sua.
719 3647 745 3655 -
758 3628 802 3670 ecl.
810 3659 829 3671 ..
848 3625 1016 3670 diceretur.
1030 3627 1128 3672 Intendi

81 3688 124 3745 che,
138 3695 230 3747 quando
245 3695 264 3740 si
279 3695 336 3741 ruol
350 3695 402 3740 dire
417 3694 461 3739 ohe
476 3708 523 3740 uno
545 3695 558 3740 e
580 3696 713 3741 eccellente
729 3697 753 3741 in
768 3696 872 3751 qualche
887 3703 947 3752 erte,
968 3699 988 3744 si
1007 3699 1061 3744 dice
1082 3701 1127 3745 che

83 3761 198 3811 orlienel
212 3779 256 3810 suo
271 3777 359 3818 genere
373 3779 406 3810 un
421 3765 556 3811 Roscio—
578 3766 813 3812 absolutionem
830 3770 1128 3824 perfectionemque

84 3826 94 3870 l
110 3843 150 3875 uno
164 3834 243 3887 specie
259 3834 379 3880 d'endiadi
394 3849 408 3879 ο
424 3834 448 3878 di
462 3834 551 3881 unione
567 3835 711 3881 sinonimica
720 3837 765 3880 che
776 3838 844 3882 vole:
857 3837 998 3892 perfonione
1008 3840 1131 3893 assoluta3
