2526 4246
198 146 243 187 mc
259 146 406 189 ouauonn
424 147 487 189 111.
506 138 633 195 mour.
651 126 802 211 ιιι-11111,
824 146 940 195 ntra-181
1055 130 1107 184 179

89 249 193 319 xutl.
216 250 296 318 Haec
317 262 348 317 et
368 270 538 338 properans
567 259 601 317 ut
629 250 711 336 apud
741 250 841 316 doctos
870 258 901 316 et
927 249 1108 316 semidoctus
1136 256 1188 311 178

59 346 108 432 ipse
125 370 280 436 percurro,
303 349 522 435 utaliquando
544 349 583 415 ad
612 348 666 414 illa
694 348 811 414 maiora
833 348 1001 414 veniamus.
1024 346 1107 412 Nihil

58 457 92 510 est
108 448 187 514 enim
209 448 243 513 in
266 447 402 525 dicendo,
426 447 541 524 Catule,
564 447 673 525 maius,
696 466 789 532 quam
815 457 848 512 ut
874 446 973 512 faveat
995 445 1107 511 oratori
1159 456 1162 461 '

60 543 84 620 is,
102 546 146 631 qui
168 545 285 621 audiet,
307 544 411 631 utique
433 546 499 632 ipse
520 545 563 611 sic
584 555 754 623 moveatur,
781 555 815 610 ut
836 544 953 630 impetu
976 543 1108 630 quodam

59 641 133 706 animi
147 653 176 708 et
189 642 422 728 perturbatione
436 643 533 729 magis
545 662 638 728 quam
654 642 764 708 iudicio
776 652 828 707 ant
839 641 964 707 consilio
976 651 1107 728 regatur.

60 734 130 804 Plura
149 741 235 806 enim
257 741 355 806 multo
378 740 516 806 homines
539 740 674 806 iudicant
692 740 761 806 odio
776 751 828 807 aut
843 760 947 805 amore
962 749 1014 805 aut
1028 739 1109 824 cupi-

59 832 132 903 ditate
152 848 204 905 aut
227 838 384 904 iracundia
405 849 457 904 aut
479 839 585 904 dolore
600 848 652 904 111
666 838 780 904 laetitia
796 849 848 904 aut
863 858 917 924 spe
932 848 984 904 aut
998 837 1108 902 timore

60 944 98 997 ant
115 957 218 1002 errore
239 946 292 1002 aut
314 936 414 1022 aliqua
437 937 630 1022 permotione
652 937 762 1002 mentis
792 957 884 1022 quam
907 934 1034 1001 veritate
1057 944 1109 1001 aut

60 1035 224 1121 praescripto
246 1045 299 1100 aut
321 1034 395 1100 iuris
424 1055 532 1101 norma
561 1034 662 1120 aliqua
693 1044 745 1100 ant
774 1033 876 1100 iudicii
903 1034 1034 1100 formula
1057 1043 1110 1099 aut

60 1127 161 1216 legibus.
208 1131 319 1217 Quare,
335 1133 391 1198 nisi
409 1132 483 1218 qnid
499 1132 585 1199 vobis
600 1132 684 1197 aliud
698 1134 805 1217 placet,
818 1133 856 1197 ad
872 1132 924 1197 illa
936 1152 1107 1219 pergamus.
1140 1140 1189 1194 179

91 1228 218 1309 Paulum,
234 1230 336 1316 inquit
349 1229 481 1309 Catulus,
497 1230 590 1296 etiam
606 1251 688 1297 nunc
703 1230 807 1296 deesse
818 1231 940 1298 videtur
954 1231 991 1296 iis
1007 1231 1109 1307 rebus,

59 1324 156 1405 lntoni,
180 1349 258 1415 quas
279 1329 452 1414 exposuisti,
469 1328 551 1414 quod
566 1328 605 1392 sit
619 1328 672 1392 tibi
689 1338 760 1393 ante
775 1328 999 1414 explicandum,
1016 1350 1109 1413 qnam

59 1420 113 1491 illuc
125 1427 326 1512 proficiscare,
343 1447 402 1512 quo
418 1437 447 1492 te
463 1426 537 1492 dicis
553 1426 722 1492 intendere.
739 1424 912 1510 Quidnam?
929 1427 1036 1511 inquit.
1050 1426 1106 1509 Qui

58 1522 115 1588 ordo
135 1525 189 1591 tibi
213 1527 339 1611 placeat,
362 1525 461 1610 inquit
483 1524 616 1601 Catulus,
641 1535 670 1590 et
686 1545 763 1610 qnae
778 1524 934 1609 dispositio
950 1544 1109 1608 argumen-

58 1627 148 1699 torum,
172 1624 204 1688 in
228 1644 287 1709 qua
305 1633 338 1688 tu
356 1623 433 1688 mihi
449 1643 572 1708 semper
586 1622 661 1688 deus
679 1623 775 1687 videri
793 1624 879 1688 soles.
924 1621 1001 1687 Vide
1016 1642 1109 1707 qnam
1138 1632 1189 1686 180

58 1716 111 1798 sin,
132 1722 242 1807 inquit,
265 1721 340 1787 dens
362 1722 394 1786 in
418 1721 474 1787 isto
503 1741 624 1808 genere,
653 1720 767 1787 Catule.
796 1720 860 1786 Non
885 1721 1009 1786 hercule
1031 1719 1108 1785 milti

59 1816 101 1882 nisi
121 1820 277 1885 admonito
299 1819 431 1886 venisset
454 1820 487 1884 in
510 1829 655 1896 mentem,
683 1826 717 1885 ut
738 1820 834 1905 possis
857 1819 1031 1885 existimare
1060 1839 1111 1884 me

57 1911 81 1978 in
99 1937 139 1996 ea,
162 1919 194 1983 in
218 1918 329 2002 quilius
349 1939 410 1983 non
431 1907 601 2003 'nunqnam
631 1917 746 2002 aliquid
772 1917 892 1984 efficere
914 1918 1030 1995 videor,
1053 1938 1111 1984 usu

56 2015 136 2082 solere
158 2017 190 2081 in
213 2016 341 2082 dicendo
363 2018 411 2082 vel
435 2037 505 2082 caso
527 2016 627 2101 potius
651 2016 816 2081 incurrere.
848 2016 886 2081 dc
915 2037 963 2082 res
986 2016 1111 2101 quidem

56 2108 108 2190 ista,
129 2135 222 2201 quarn
245 2135 309 2200 ego,
332 2115 487 2200 quianon
511 2133 629 2189 noram,
653 2114 694 2178 sic
718 2124 873 2199 tamquam
895 2115 1032 2200 ignotum
1056 2114 1112 2178 ho-

55 2211 156 2277 minem
178 2211 394 2297 praeteribam,
417 2222 537 2277 tantum
559 2222 658 2296 potest
680 2212 712 2275 11
735 2212 872 2287 dicendo,
888 2223 921 2277 ut
936 2211 974 2276 ad
991 2211 1112 2276 vincen-

54 2305 115 2374 dum
136 2311 223 2375 nulla
237 2311 307 2395 plus
322 2309 431 2395 possit;
455 2309 507 2374 sed
522 2319 624 2374 tamen
641 2309 719 2373 mihi
736 2309 850 2374 videris
872 2319 942 2373 ante
958 2319 1111 2393 tempusa

54 2423 93 2471 ne
106 2409 256 2473 rationem
271 2408 386 2473 ordinis
398 2418 428 2473 et
443 2406 703 2493 disponendarum
720 2426 824 2473 rernm
841 2407 1012 2492 requisisse.
1025 2405 1111 2482 Nam,
1139 2422 1188 2476 181

53 2502 71 2565 si
91 2525 141 2592 ego
164 2525 289 2571 omnem
305 2506 368 2570 vim
384 2506 512 2572 oratoris
532 2505 565 2570 in
580 2506 767 2592 argumentis
785 2515 815 2570 et
831 2505 862 2569 in
880 2525 913 2570 re
929 2505 993 2591 ipsa
1008 2525 1065 2590 per
1080 2526 1112 2571 se

52 2603 266 2689 comprobanda
291 2605 469 2689 posuissem,
493 2613 613 2688 tempus
635 2613 713 2669 esset
735 2603 796 2667 iam
819 2603 857 2668 de
886 2602 994 2668 ordine
1023 2625 1112 2692 argu-

53 2713 216 2768 mentorum
230 2713 261 2768 et
275 2702 313 2767 de
323 2702 518 2768 collocatione
533 2701 648 2786 aliquid
662 2701 776 2780 dicere3
789 2702 852 2778 sed,
868 2723 937 2767 cnm
954 2703 1011 2768 tria
1023 2704 1084 2768 sint
1096 2726 1113 2768 1

48 2865 159 2908 puncta
182 2863 459 2914 arpumentorum,
480 2860 530 2904 alla
546 2860 649 2904 lettoro:
665 2860 687 2903 lo
703 2859 842 2905 distincioni
859 2860 925 2913 degli
940 2862 1113 2917 argomenti,e

52 2925 134 2974 quindi:
150 2926 158 2970 i
172 2925 293 2981 passaggi
307 2926 413 2971 dall’uno
429 2926 581 2970 1111111111
595 2927 764 2980 interpuncta
776 2926 788 2971 e
799 2926 875 2972 l'idea
889 2927 955 2972 delle
969 2928 1114 2983 portiziono,

51 2987 81 3034 del
95 2992 204 3037 dividere
218 2993 437 3047 (inter-punpere).
450 3016 476 3023 —
491 3005 524 3036 re
537 3013 563 3026 =
577 2993 644 3036 nella
658 2997 779 3046 sostunzu,
794 2995 975 3039 mentalmonte.

83 3062 153 3116 erup.
169 3063 275 3106 xmll.
290 3064 400 3107 -178,
412 3074 635 3117 properans...
653 3075 821 3117 percurro.
843 3063 936 3116 Questa
957 3063 1020 3117 iden,
1034 3064 1113 3108 scrire

50 3122 195 3182 unnotho
211 3128 303 3181 doppio
318 3128 422 3173 motivo:
436 3128 452 3172 il
467 3127 572 3181 bisogno
588 3128 741 3173 dell'uditore
756 3129 799 3183 (41,
814 3132 868 3182 175),
883 3142 895 3172 e
911 3129 928 3172 il
939 3142 1027 3182 supere
1038 3129 1114 3173 insul·

49 3189 135 3239 delente
151 3194 315 3239 dell'oratore.
328 3218 355 3225 -
376 3195 557 3248 aliquando
578 3195 621 3248 qui
640 3195 764 3248 significat
778 3209 828 3239 une
842 3195 909 3239 volta
923 3194 1071 3239 finalmente.
1085 3196 1114 3239 ln

48 3258 76 3301 tal
88 3274 159 3306 senso
175 3260 196 3305 si
209 3260 294 3305 unisoe
309 3260 413 3304 talvolta
427 3272 472 3303 con
487 3261 601 3304 tandem.
615 3284 641 3292 -
662 3261 765 3305 Plura
775 3296 779 3306 .
789 3295 807 3306 ..
825 3261 925 3304 multo
946 3279 973 3292 =
989 3260 1111 3307 multo...

45 3325 167 3376 111111-
181 3327 400 3381 praescripto,
414 3329 534 3380 precetto,
548 3326 633 3371 ordine
648 3326 713 3371 dato.

105 3399 174 3442 179.
193 3397 251 3453 Qut
271 3398 359 3451 ordo,
378 3397 837 3453 111.,111111111111;9111111111
856 3420 881 3427 -
904 3397 991 3451 daus,
1012 3399 1116 3452 cornel,

48 3464 86 3516 106,
100 3464 167 3509 vole:
182 3463 324 3508 eccellente.

107 3537 177 3581 180.
197 3539 231 3580 ut
253 3536 361 3589 poesis
387 3536 587 3588 existimare,
605 3548 655 3579 oce.
669 3535 741 3578 nott:
757 3549 769 3578 e
787 3533 933 3578 dicooid.——
950 3539 1115 3591 tamqnam

46 3601 186 3654 ipuotum
200 3603 357 3646 hominurn
372 3621 398 3634 ==
412 3615 481 3646 come
497 3602 516 3646 si
532 3601 558 3645 11
573 3602 597 3645 dl
612 3614 660 3645 uno
676 3602 797 3645 straniero
808 3601 853 3645 eho
869 3614 916 3644 non
932 3601 953 3644 si
968 3615 1116 3647 conosce-

45 3673 146 3720 porcat
160 3689 187 3702 ε-
201 3668 265 3713 vale.
278 3654 298 3712 l'l
313 3667 365 3712 cosi
380 3667 397 3710 il
408 3671 526 3720 segmento
538 3667 634 3722 possit.

108 3740 171 3782 1⁸1.
191 3739 225 3783 in
246 3738 447 3792 aranmentla
470 3742 497 3781 ct
518 3738 551 3782 in
571 3750 604 3782 ra
627 3738 822 3791 insuperata
837 3738 1075 3790 comprobanda
1090 3754 1117 3772 κ

45 3805 242 3850 nell'invenzione
258 3804 323 3848 della
338 3803 462 3848 materiae
473 3805 537 3848 nelle
552 3816 671 3858 provo-
686 3803 721 3847 de
739 3815 800 3847 uno
822 3803 943 3847 dictum
961 3823 988 3837 -
1006 3817 1118 3858 cumque

45 3876 73 3920 de
87 3889 139 3921 uno
152 3877 188 3921 sit
203 3876 310 3922 dictum.
323 3875 390 3920 Nota
405 3875 542 3921 l'usindeto.
