2526 4246
144 156 195 210 364
510 173 545 213 nr.
562 174 667 215 runnu
686 172 851 216 crcunorus

146 284 246 341 torum
260 275 428 343 inllerione
452 277 507 343 hac
529 277 597 343 lorti
621 297 655 343 ac
670 278 764 356 virili,
781 298 843 345 non
863 279 903 345 ah
923 300 1035 346 scaena
1054 290 1084 346 et
1102 278 1200 344 histrio

144 377 245 455 nihus,
268 377 321 443 sed
353 378 392 444 ah
418 380 512 444 armis
541 389 593 446 aut
619 380 713 445 etiam
738 402 755 445 a
782 383 948 468 palaestra.
984 383 1090 449 llanus
1117 392 1200 447 auten

145 479 247 546 minus
280 492 399 567 arguta,
433 482 534 569 digitis
566 481 756 568 subsequens
789 483 902 563 verba,
934 505 999 551 non
1029 485 1199 571 exprimens

144 581 303 647 Inachium
318 584 474 669 procerius
488 585 657 671 proiectum
672 585 759 671 quasi
775 585 932 672 quoddam
948 590 1046 654 telum
1061 584 1201 661 orationis;

143 685 298 771 supplosio
313 687 400 772 pedis
422 688 453 752 in
470 687 713 753 contentionibus
728 699 780 754 aut
796 689 984 775 incipiendis
999 701 1052 757 aut
1067 688 1201 755 finiendis.

65 800 112 855 221
144 787 203 852 Sed
226 787 258 852 in
280 809 333 854 ore
355 800 428 856 sunt
454 790 565 856 ornnia.
610 788 644 854 ln
667 810 702 856 66
734 801 837 857 autern
870 791 939 878 ipso
972 793 1144 858 dominatus
1168 800 1203 856 est

143 890 243 954 omnis
264 893 440 968 oculorum;
453 914 513 978 quo
529 892 638 958 melius
653 892 748 958 nostri
765 893 811 957 illi
829 913 930 972 senae,
946 895 1000 980 qui
1023 903 1203 981 personatum

144 1013 182 1058 ne
199 992 337 1059 lloscium
353 996 478 1080 quidem
501 1015 611 1082 magno
626 1015 719 1081 opere
741 995 918 1063 laudabant.
944 998 1048 1063 hnimi
1071 1008 1115 1063 est
1134 995 1203 1062 enim
1225 1060 1229 1071 ,

143 1096 242 1160 omnis
264 1097 340 1161 actio
363 1109 393 1162 et
416 1100 514 1186 imago
533 1099 628 1164 animi
644 1101 757 1175 vultus,
780 1098 897 1164 indices
919 1101 1010 1166 oculi.
1049 1099 1123 1167 Nam
1144 1099 1204 1164 haec

143 1209 188 1263 est
208 1219 270 1263 una
292 1218 363 1284 pars
385 1202 530 1288 corporis,
552 1221 639 1287 quae,
663 1211 736 1287 quot
769 1201 864 1267 animi
887 1214 991 1269 motus
1014 1213 1096 1279 sunt,
1118 1212 1158 1268 tot
1176 1200 1205 1267 si·
1244 1270 1247 1285 ¹

142 1300 351 1387 gnificationes
380 1314 410 1369 et
442 1304 693 1370 commutationes
722 1303 816 1390 possit
846 1303 979 1372 efficere.
1010 1305 1115 1392 Neque
1144 1322 1204 1370 1611
1242 1310 1247 1399 j

142 1414 188 1469 est
224 1404 396 1490 quisquam,
434 1409 484 1493 qui
519 1407 626 1473 eadem
665 1407 809 1472 conivens
842 1407 965 1473 efficiat.
989 1408 1204 1494 Theophrastus
1243 1402 1247 1513 i

143 1507 268 1592 quidem
290 1507 467 1576 Tauriscum
490 1509 644 1594 quendam
667 1508 739 1574 dicit
771 1519 905 1574 actorem
927 1531 1075 1577 aversum
1096 1511 1204 1576 solitum
1244 1520 1247 1603 t

143 1629 208 1674 esse
229 1610 339 1686 dicere,
362 1613 415 1697 qui
449 1613 482 1677 in
513 1611 629 1698 agendo
662 1622 808 1678 contuens
840 1612 960 1698 aliquid
993 1614 1203 1699 pronuntiaret.

63 1715 117 1771 222
143 1711 244 1796 Quare
265 1715 424 1780 oculorum
457 1726 501 1781 est
530 1735 640 1801 magna
673 1714 850 1781 moderatio.
878 1714 956 1782 Nam
982 1717 1046 1782 oris
1080 1736 1141 1782 non
1170 1724 1205 1780 est

142 1815 273 1880 nimium
297 1817 443 1883 mutanda
466 1818 588 1904 species,
613 1837 652 1883 ne
675 1827 727 1883 aut
749 1818 788 1883 ad
817 1818 949 1904 ineptias
972 1829 1026 1886 aut
1048 1819 1086 1886 ad
1103 1816 1204 1905 prani-

141 1928 235 1982 tatem
257 1918 392 2003 aliquam
407 1921 591 1987 deferamur.
608 1919 695 1987 Oculi
711 1931 791 1995 sunt,
804 1941 937 2006 quorum
953 1933 1022 1989 tum
1037 1921 1205 1995 intentione,

142 2031 206 2085 turn
223 2021 411 2100 remissione,
428 2033 494 2090 tum
510 2023 655 2101 coniectu,
671 2033 737 2088 turn
750 2022 905 2089 hilaritate
924 2035 1029 2091 motus
1043 2025 1205 2090 animumn

141 2122 346 2209 significemus
368 2136 438 2211 apte
460 2146 529 2191 curn
551 2145 662 2212 genere
692 2126 757 2211 ipso
779 2125 934 2191 orationis.
960 2127 1009 2192 Est
1032 2128 1116 2194 enirn
1142 2125 1205 2192 actio
1244 2204 1247 2213 1

141 2227 227 2311 quasi
250 2247 350 2292 sermo
372 2229 516 2313 corporis,
533 2248 592 2313 quo
608 2227 703 2313 magis
725 2227 821 2292 menti
836 2248 1010 2315 congruens
1030 2250 1096 2296 esse
1118 2229 1204 2295 dehet.

143 2392 436 2404 ¹——

140 2474 213 2527 meni‚
226 2474 266 2519 cai
279 2475 354 2529 piedi,
368 2489 437 2521 come
452 2476 459 2520 i
474 2476 568 2521 budoni
584 2489 596 2520 e
612 2475 620 2519 i
635 2476 718 2530 mimi),
728 2490 768 2521 mu
778 2476 1018 2524 ooll'accennere.-
1032 2479 1140 2525 minus
1161 2489 1204 2523 ar·

140 2548 216 2598 puta
225 2564 251 2582 =
261 2559 309 2591 non
324 2550 413 2600 troppo
428 2547 541 2601 loquaoe.
555 2570 581 2578 -
595 2547 796 2602 subsequeris
806 2564 833 2582 =
843 2546 1002 2594 secondonte.
1012 2573 1039 2580 -
1045 2549 1205 2605 procerius

139 2626 196 2668 pro
205 2617 330 2670 iectura,
346 2616 438 2662 disteso
453 2617 538 2663 diritto
552 2617 577 2662 in
592 2617 675 2670 lungo,
685 2630 754 2662 come
771 2630 866 2671 appare
879 2617 959 2663 anche
974 2617 1043 2664 dalla
1058 2618 1205 2665 similitudine

139 2697 185 2729 oon
200 2687 290 2731 telum.
303 2688 513 2742 -eupplosic
531 2689 632 2744 perita,
648 2692 704 2733 sott.
719 2688 781 2733 bene
796 2690 841 2733 eet.

206 2808 277 2853 221.
299 2821 357 2863 quo
378 2811 503 2864 melius,
518 2815 573 2856 satt.
584 2813 720 2867 feceruut;
734 2824 747 2856 6
762 2810 843 2855 infatti
859 2810 900 2855 nei
914 2810 990 2866 primi
1000 2814 1081 2868 tempi
1091 2813 1100 2859 i
1110 2809 1207 2861 Romani

139 2882 249 2932 uppunto
264 2878 355 2933 perche
369 2880 398 2924 iu
413 2893 455 2924 ore
465 2885 528 2925 suut
543 2882 640 2931 omnia,
649 2895 698 2927 non
713 2882 734 2927 si
749 2881 878 2926 servivano
892 2882 993 2928 no'loro
1008 2885 1144 2940 spettacoli
1153 2881 1206 2928 delle

138 2948 274 3002 maschera,
287 2948 331 2993 ohe
346 2948 390 3003 pih
405 2949 469 2994 turdi
489 2951 581 2997 tolsero
600 2966 615 2997 a
634 2952 738 3006 prestito
758 2951 799 2997 dai
818 2951 898 2996 Greci.
911 2975 939 2983 —
953 2959 1171 3008 personatum
1186 2967 1205 2986 =

138 3024 239 3074 copario
255 3021 272 3064 il
286 3021 353 3066 volto
369 3021 393 3065 di
408 3021 585 3067 1166611616.-
603 3022 766 3077 Roscium,
785 3024 835 3086 ms
850 3024 896 3067 102.
912 3046 938 3054 -
956 3024 1087 3072 iudices
1106 3044 1132 3062 =
1145 3025 1207 3070 inter·
1245 3042 1247 3051 =

137 3092 210 3145 preti.
223 3116 249 3123 -
264 3092 351 3146 haec,
364 3091 458 3137 intendi
472 3093 490 3137 il
505 3094 595 3138 uultus
610 3106 623 3138 e
638 3092 672 3146 gli
683 3092 760 3147 oechi,
771 3093 815 3138 che
826 3106 856 3137 ne
867 3105 927 3138 sono
938 3093 964 3138 le
972 3100 1048 3149 parte
1063 3096 1109 3151 piu
1123 3105 1207 3151 espret-

138 3162 237 3207 61111.-
260 3163 520 3219 Theophrastus,
539 3164 559 3219 I,
578 3166 611 3209 43.
631 3187 654 3196 ·-
679 3163 884 3219 Tauriscum,
907 3177 958 3209 ecc.
979 3164 1113 3222 Tauriaco,
1132 3165 1208 3213 ehefn

136 3233 201 3278 forse
215 3248 248 3279 un
263 3238 351 3287 attere,
364 3235 404 3279 nel
419 3235 525 3280 recitare
544 3235 759 3290 (pronuntiaret),
778 3248 856 3280 avere
877 3248 976 3289 sempre
995 3237 1031 3290 gli
1052 3239 1125 3284 oeohi
1139 3238 1208 3285 fissia

136 3314 168 3345 un
184 3307 251 3347 certo
266 3303 354 3357 luogo;
368 3304 392 3348 di
407 3303 451 3348 che
468 3317 511 3348 era
524 3303 548 3347 lo
563 3307 642 3348 stesso
657 3314 726 3347 como
742 3315 767 3347 se
787 3302 901 3355 volgosse
916 3302 940 3347 le
956 3303 1037 3358 spallo
1053 3307 1106 3360 agli
1121 3305 1209 3358 uditori,

136 3372 189 3416 cioe
204 3386 273 3418 come
289 3387 315 3418 se
330 3374 396 3419 fosse
412 3386 423 3417 ‹
439 3386 547 3419 aversus
562 3383 581 3418 ›.

202 3487 278 3531 222.
297 3485 401 3542 Quare
416 3485 522 3540 esprime
537 3487 562 3530 la
577 3499 749 3540 conseguenze
763 3486 808 3532 che
824 3486 940 3532 discendo
952 3486 1019 3533 delle
1029 3490 1132 3544 regioni
1143 3506 1155 3538 6
1165 3491 1209 3536 dal·

136 3554 637 3610 l'esempioaddattoneliprecedenta.-
649 3559 814 3603 oculorum
829 3562 877 3603 est
895 3570 1015 3613 maaria
1034 3563 1210 3610 moderatio

135 3642 161 3659 =
169 3638 230 3677 gran
239 3627 320 3671 eosed
331 3628 348 3671 il
359 3641 433 3681 seper
443 3639 558 3672 muerere
569 3628 604 3680 gli
615 3628 728 3673 666111-
742 3630 823 3683 oris;
837 3628 880 3682 qui
891 3628 997 3675 intendi:
1006 3629 1032 3674 la
1042 3631 1179 3680 fisonomiu
1187 3653 1209 3663 -·

134 3708 207 3741 ue...
230 3698 417 3751 deseramur
438 3715 464 3732 =
483 3711 590 3749 pernen
613 3699 671 3744 clare
691 3700 753 3746 in...
776 3724 802 3731 -
823 3701 982 3756 ineptias,
1001 3701 1170 3751 effettazione.
1187 3725 1209 3736 -

131 3767 333 3821 pravitatem
348 3769 414 3818 (solt.
428 3769 482 3812 oris
497 3782 511 3812 o
526 3772 644 3825 corporis
659 3785 672 3816 ο
685 3771 874 3827 rrzentbrorum)
891 3770 903 3816 *e
919 3784 1061 3828 sconcezza,
1081 3773 1208 3823 deformitd

128 3837 267 3885 materiale.
292 3862 317 3869 -
341 3843 415 3896 apte
433 3851 515 3893 curre,
535 3841 817 3895 eonrenerolmente...,
840 3841 947 3887 secondo
972 3841 1028 3891 il...
1052 3830 1072 3889 Ε
1092 3848 1208 3893 castrutio

117 3923 185 3967 raro,
200 3911 363 3971 taruennico,
378 3913 404 3960 di
420 3915 504 3972 aptus
519 3925 566 3960 eon
581 3927 649 3961 curn.
664 3937 689 3944 -
704 3926 763 3968 quo
779 3913 882 3965 mauis
899 3914 999 3956 incuti
1019 3926 1208 3970 cauaruens.
