2526 4246
145 124 180 179 58
510 136 666 176 16166611
686 134 849 177 onennoms

148 240 311 328 aliquando
322 251 422 326 posset
433 241 576 318 accidere,
592 261 631 307 ne
644 241 697 307 illo
711 241 776 327 ipso
789 252 921 324 tempore
931 238 1089 317 accideret,
1099 238 1216 305 timere.

71 353 119 408 161
147 344 248 410 1111616
270 353 315 410 est
337 344 420 422 haec,
437 344 475 410 de
490 365 549 430 qua
565 344 653 430 queri
670 363 761 430 saepe
776 345 867 421 soleo,
883 341 965 428 quod
980 351 1152 408 ceterarum
1168 341 1217 406 ho

148 446 245 511 mines
260 447 373 512 artium
387 447 512 533 spectati
527 457 557 513 et
572 447 701 533 probati,
714 447 739 512 si
755 446 876 533 6666116
892 445 1009 532 aliquid
1026 445 1127 511 minus
1142 444 1217 512 bene

147 549 292 630 fecerunt,
304 569 396 635 quam
411 552 517 628 solent,
533 560 585 616 aut
599 550 733 616 noluisse
747 560 799 615 aut
813 548 988 615 valetudine
1002 547 1145 633 impediti
1160 567 1218 612 non

146 652 281 738 potuisse
289 652 431 738 consequi
449 652 489 730 id,
506 652 587 738 quod
609 652 729 730 scirent,
753 662 912 737 putantur:
928 648 1049 728 Noluit,
1066 650 1216 736 inquiunt,

73 787 82 805 ·
147 755 237 820 bodie
258 775 347 839 opere
371 755 515 832 11666166·
539 765 606 820 661;
633 753 770 820 Crudior
791 755 875 839 fuit:
901 753 1031 820 oratoris
1051 763 1216 839 peecatum,

71 873 120 926 125
147 858 171 922 si
195 857 276 942 quod
292 867 337 922 est
351 858 609 935 animadversum,
626 857 771 923 stultitiae
793 867 947 942 peccatum
963 856 1096 923 videtur.
1143 855 1218 922 Stul-

147 960 213 1026 titia
235 970 338 1026 autem
352 961 577 1026 excusationem
600 981 662 1026 non
677 960 785 1039 habet;
802 980 897 1045 quare
912 979 1003 1025 nemo
1020 959 1154 1037 videtur,
1170 969 1217 1025 aut

148 1063 218 1149 quia
240 1063 352 1128 crudus
375 1063 466 1130 fuerit
481 1074 532 1129 aut
554 1064 635 1150 quod
651 1065 692 1129 ita
707 1063 860 1142 maluerit,
877 1065 987 1130 stultus
1010 1063 1112 1130 luisse.
1155 1062 1217 1147 Quo

147 1167 239 1232 etiarn
261 1166 383 1252 gravius
412 1166 557 1232 iudicium
585 1167 767 1232 indicendo
796 1167 942 1233 subimus.
966 1165 1115 1250 Quotiens
1137 1167 1217 1232 enim

147 1269 285 1347 dicimus,
303 1270 411 1334 totiens
426 1269 464 1334 de
480 1269 567 1334 nobis
583 1269 745 1346 iudicatum
763 1280 801 1347 et,
819 1270 870 1354 qui
887 1271 980 1335 semel
998 1269 1028 1333 in
1053 1279 1141 1355 gestu
1156 1289 1217 1355 peo

147 1370 235 1447 cavit,
252 1391 314 1436 non
336 1371 480 1438 continuo
495 1372 686 1438 existimatur
705 1373 821 1438 nesure
835 1382 970 1458 gestum3
994 1371 1046 1456 qui
1070 1381 1174 1438 autem
1189 1371 1217 1434 in

147 1472 275 1539 diceudo
298 1473 371 1560 quid
388 1475 592 1560 reprehensus
608 1486 662 1553 est,
679 1485 730 1540 aut
746 1485 869 1540 aeterna
885 1475 916 1539 in
933 1494 969 1539 eo
985 1484 1038 1540 aut
1060 1484 1143 1540 certe
1157 1474 1220 1539 diu-

147 1585 238 1642 turna
261 1579 342 1641 valet
364 1577 468 1662 opinio
490 1578 649 1642 tarditatis.
699 1634 701 1639 .

71 1699 120 1751 126
189 1678 363 1746 XXVIII.
387 1679 465 1745 Illud
488 1700 570 1758 vero,
587 1680 667 1765 quod
691 1691 753 1745 616
775 1680 889 1746 dictum
905 1692 959 1757 661,
976 1699 1041 1744 esse
1055 1681 1220 1765 permulta,

147 1802 226 1867 quae
247 1792 349 1846 orator
372 1782 429 1846 nisi
454 1782 580 1849 baberet
607 1805 624 1847 a
651 1793 770 1859 natura,
794 1802 856 1847 uon
879 1783 1012 1848 multum
1035 1803 1052 1846 6
1076 1782 1219 1869 magistro

147 1882 353 1962 adiuvaretur,
377 1884 466 1950 valde
488 1885 541 1951 tibi
570 1885 725 1950 adsentior
746 1886 840 1970 inque
862 1905 898 1950 eo
921 1886 970 1950 rel
996 1885 1132 1951 maxime
1152 1905 1219 1972 pro

148 1985 216 2050 bari
241 2006 396 2052 summum
418 1987 506 2052 111616
523 1987 685 2065 doctorem,
703 1987 921 2053 Alabadensem
945 1987 1151 2072 Apollonium,
1167 1987 1218 2074 qui

147 2107 216 2152 cum
238 2089 377 2154 mercede
400 2089 529 2166 doceret,
552 2100 654 2156 tamen
677 2111 739 2155 nou
767 2090 939 2176 patiebatur
961 2110 1022 2168 eos,
1046 2111 1123 2176 quos
1146 2091 1221 2157 iudi-

146 2192 232 2256 cabat
254 2211 316 2256 non
339 2212 426 2277 posse
441 2203 575 2258 oratores
597 2193 737 2271 eradere,
754 2212 879 2279 operam
900 2192 981 2279 apud
997 2213 1063 2259 sese
1077 2193 1219 2280 perdere,

147 2293 379 2380 dimittebatque
393 2305 423 2361 et
438 2295 476 2360 ad
491 2316 583 2382 quarn
599 2315 752 2382 quemque
763 2306 861 2361 artem
876 2297 1002 2381 putabat
1021 2316 1087 2361 esse
1102 2306 1219 2383 aptum,

103 2412 117 2427 ’
134 2396 184 2462 ad
207 2418 275 2463 eam
303 2398 463 2484 impellere
485 2409 575 2485 atque
599 2399 715 2464 hortari
741 2398 865 2464 solebat.
911 2398 989 2464 Satis
1011 2408 1057 2464 est
1079 2399 1165 2465 enim
1188 2402 1218 2465 16

146 2500 253 2565 6616116
268 2501 404 2566 artificiis
418 2501 623 2586 percipiendis
639 2501 850 2566 tautummodo
862 2501 995 2566 similem
1007 2521 1074 2567 esse
1086 2501 1220 2568 bominis

145 2615 176 2670 et
191 2605 231 2682 id,
249 2606 329 2690 quod
342 2605 479 2671 tradatur
491 2609 539 2672 rel
553 2607 645 2671 611661
656 2606 833 2684 inculcetur,
847 2607 871 2672 si
884 2606 934 2693 qui
948 2606 1026 2672 forte
1037 2607 1076 2671 sit
1091 2607 1219 2682 tardior,

145 2728 233 2793 posse
255 2708 412 2793 percipere
435 2709 536 2774 animo
559 2719 588 2775 et
614 2710 762 2775 memoria
784 2709 944 2776 custodire.
968 2709 1034 2775 Non
1060 2710 1219 2795 quaeritur

144 2809 298 2874 mobilitas
326 2810 457 2896 linguae,
482 2831 543 2875 non
571 2812 708 2877 celeritas
731 2812 906 2890 verborum,
930 2832 991 2877 non
1019 2811 1153 2898 denique
1173 2833 1217 2889 ea,

213 3035 283 3079 124.
299 3035 428 3088 Alterum·
442 3035 484 3088 qui
500 3035 520 3080 si
536 3036 712 3081 attenderebbe
728 3037 842 3080 alteram
853 3036 912 3088 (dip.
922 3035 953 3079 do
963 3035 1134 3089 inveniebam,
1150 3046 1217 3081 corne

145 3119 175 3149 ne
191 3104 298 3158 dipende
311 3110 409 3155 renam).
428 3105 470 3150 V'e
487 3105 571 3160 pereid
589 3107 726 3151 unaccoluto.
742 3129 768 3137 —
781 3106 929 3159 Roscius,
944 3106 968 3149 in
982 3105 1125 3160 que'templ
1144 3105 1162 3150 il
1175 3103 1219 3160 piu

145 3176 240 3222 fumoso
254 3180 333 3220 attere
348 3176 415 3220 della
430 3176 572 3229 commedio,
586 3191 656 3222 come
669 3177 752 3231 Esopo
774 3177 800 3221 fn
821 3176 888 3221 della
909 3176 1030 3229 tragedia.
1053 3175 1090 3220 nu
1111 3182 1217 3221 oontem-

145 3260 255 3301 poraneo
272 3247 294 3291 di
311 3247 436 3302 Cicerone,
451 3247 495 3292 ohe
511 3261 596 3301 sposso
617 3249 640 3293 lo
660 3247 758 3293 nomine
772 3262 818 3293 eon
834 3262 927 3292 somma
940 3247 1008 3292 lodex
1023 3247 1135 3293 lemorte
1146 3247 1170 3292 di
1184 3246 1216 3291 lui

146 3318 172 3361 lu
186 3318 272 3371 plenta
287 3317 318 3362 da
332 3318 389 3362 tutti
414 3318 420 3361 i
441 3318 592 3363 11616661.-
618 3318 756 3363 Orudior
778 3339 805 3352 -
827 3319 864 3363 lln
885 3317 991 3372 pocbino
1010 3317 1141 3371 indigesto.
1155 3318 1217 3363 Nota

145 3401 253 3441 comper.
267 3389 305 3434 eol
321 3401 392 3432 66666
408 3388 432 3432 dl
447 3389 519 3443 posit.
530 3392 664 3434 attenuato.
681 3389 784 3434 Oruduc
799 3389 812 3433 e
827 3388 865 3433 ehi
876 3388 908 3433 116
923 3389 985 3433 lette
995 3401 1043 3433 une
1056 3388 1139 3433 buono
1153 3401 1216 3433 soor-

144 3459 265 3513 peooiuta,
276 3474 288 3501 e
299 3473 347 3503 non
357 3459 407 3514 pue
417 3459 531 3512 digerire.
546 3484 572 3491 —

213 3548 280 3591 125.
295 3549 386 3602 qui...
409 3549 418 3592 i
423 3562 441 3592 u
460 3562 491 3592 66
496 3561 505 3602 ;
519 3552 577 3592 noto
594 3549 750 3594 l'onueoluto.
767 3549 815 3593 Che
833 3549 852 3593 si
870 3548 1062 3603 oepetterobbe'?
1077 3571 1104 3579 -
1118 3547 1192 3598 16161
1198 3547 1216 3590 1·

144 3619 227 3663 tate's
248 3616 313 3661 -di
329 3617 435 3663 durezzu
449 3618 587 3671 d’ingegno.

186 3707 260 3760 cap.
277 3707 435 3752 xxvnl.
449 3731 476 3737 -
491 3708 560 3752 12⁰.
575 3707 624 3752 661
638 3708 775 3753 maxime
786 3709 925 3763 probaui
938 3728 965 3742 -
979 3706 1013 3751 mi
1025 3706 1133 3761 piaeque
1144 3717 1215 3758 sopra

144 3777 329 3830 6661111116.-
348 3777 589 3822 Alabodeueem
609 3777 837 3834 Apollonium,
859 3782 917 3830 175.

207 3866 280 3910 127.
296 3865 442 3911 sinrilem
456 3878 523 3910 6666
536 3866 684 3919 hominio,
698 3879 781 3911 essere
795 3881 828 3912 un
842 3880 915 3912 uomo
930 3879 999 3913 come
1009 3864 1043 3919 gli
1054 3863 1111 3910 altri
1120 3861 1216 3916 (soree.
