2526 4246
142 143 178 196 44
246 190 249 194 Δ
509 156 543 195 ru.
562 156 667 196 runnu
686 154 849 197 eleemonis

143 280 205 325 non
228 259 362 326 maxime
384 258 489 335 deluit,
506 259 642 324 doctrina
657 269 738 325 certe
761 269 791 325 et
812 259 909 324 otium
931 268 962 324 et
983 258 1107 324 hercule
1123 257 1218 323 etiam

142 362 278 428 studium
296 361 374 428 illud
395 361 531 426 discendi
554 361 738 427 acerrimum
761 361 872 427 deluit:
896 361 970 446 quid
992 380 1107 437 censes,
1130 361 1155 425 si
1181 361 1219 426 ad

142 465 268 531 alicuius
291 465 448 550 ingenium
471 466 519 530 vel
542 465 642 530 maius
664 464 726 541 illa,
743 484 821 549 quae
842 484 897 550 ego
920 483 981 529 non
1005 463 1099 550 attigi,
1123 483 1218 529 acces

141 568 246 643 serint,
270 568 394 653 qualem
417 567 506 633 illum
528 578 559 633 et
581 576 731 652 quantum
753 577 906 632 oratorem
930 566 1088 633 futurum?

80 679 116 731 80
185 669 325 735 xvrss.
348 669 426 736 Tum
449 670 606 747 Antoniae,
631 664 742 735 Probas
765 669 853 746 mibi,
877 668 986 753 inquit,
1011 669 1076 745 ista,
1100 667 1217 746 Crasse,

142 793 220 858 quae
242 773 326 849 dicis,
343 792 398 838 nec
419 771 525 838 dubito
547 773 622 857 quin
645 773 742 838 multe
765 771 945 857 locupletior
967 771 999 837 in
1022 771 1152 837 dicendo
1175 771 1217 837 fu-

142 885 228 940 turus
251 875 298 951 sit,
316 875 338 938 sl
355 874 424 959 quis
439 874 578 940 omnium
602 894 706 940 rerum
729 884 820 959 atque
835 874 947 940 artium
964 873 1115 940 rationem
1132 884 1217 940 natu-

81 978 113 1031 81
142 997 269 1061 ramque
290 977 567 1061 comprehenderit.
613 977 672 1042 Sed
695 977 832 1063 primum
855 976 885 1042 id
913 976 1036 1042 difficile
1058 987 1104 1042 est
1126 976 1215 1055 lactu,

142 1079 322 1165 praesertim
338 1079 369 1143 in
383 1079 439 1144 bac
451 1089 553 1145 nostra
566 1081 628 1145 vita
641 1081 812 1165 nostrisque
824 1080 1087 1166 occupationibus
1103 1079 1217 1146 deinde

143 1181 219 1246 illud
234 1182 327 1246 etiam
345 1181 516 1248 verendum
532 1192 576 1247 est
592 1203 632 1248 ne
647 1183 862 1248 abstrahamur
873 1182 911 1247 ab
928 1183 983 1247 bac
998 1182 1215 1249 exercitatione

141 1295 171 1349 et
193 1283 413 1349 consuetudine
428 1284 548 1350 dicendi
563 1285 704 1370 populari
727 1295 757 1350 et
780 1284 902 1350 lorensi.
927 1283 1016 1350 Aliud
1037 1285 1122 1350 enim
1137 1285 1215 1349 mihi

141 1386 295 1472 quoddam
318 1387 464 1452 orationis
486 1407 581 1473 genos
603 1408 668 1453 esse
698 1388 821 1454 videtur
842 1407 949 1453 eorum
981 1387 1153 1465 bominum,
1177 1387 1215 1453 de

142 1489 252 1573 quibus
274 1491 377 1574 paullo
400 1499 470 1554 ante
492 1489 605 1567 dixisti,
625 1490 764 1575 quamvis
782 1490 826 1554 illi
840 1500 947 1555 ornate
962 1500 992 1554 et
1013 1489 1148 1575 graviter
1163 1499 1216 1554 aut

141 1591 179 1656 de
202 1601 310 1657 natura
333 1612 438 1658 rerum
461 1601 513 1657 aut
535 1592 572 1657 de
600 1592 743 1657 humanis
767 1592 858 1657 rebus
881 1593 1054 1676 loquantur.
1079 1590 1214 1658 Nitidum

72 1723 74 1727 ’
142 1694 294 1779 quoddam
317 1715 412 1781 genus
428 1704 472 1759 est
487 1695 653 1761 verborum
674 1705 704 1760 et
726 1697 849 1772 laetum,
866 1694 919 1760 sed
934 1697 1104 1780 palaestrae
1119 1695 1214 1781 magis

80 1799 115 1852 82
141 1808 171 1862 et
193 1797 249 1861 olei
274 1817 367 1882 qnam
391 1797 481 1862 buius
503 1797 606 1861 civilis
624 1798 731 1863 turbae
753 1817 786 1862 ac
816 1797 881 1862 lori.
927 1796 1063 1882 Namque
1085 1807 1213 1881 egomet,

142 1901 193 1985 qui
223 1921 290 1965 sero
317 1921 351 1965 ac
377 1901 484 1965 leviter
512 1899 638 1967 Graecas
663 1902 778 1967 litteras
804 1901 985 1986 attigissem,
1015 1911 1116 1965 tamen
1144 1920 1213 1966 cum

140 2006 301 2088 proconsul
314 2004 346 2067 in
363 2003 497 2068 Ciliciam
513 2005 707 2090 proficiscens
719 2004 872 2070 venissem
884 2005 1026 2080 Athenae,
1043 2005 1214 2089 complures

141 2115 206 2170 tum
230 2106 272 2171 ibi
288 2106 352 2171 dies
368 2126 434 2172 sum
450 2116 576 2193 propter
592 2106 755 2190 navigandi
772 2106 981 2173 difficultatem
996 2116 1213 2179 commoratus:

141 2208 203 2285 sed,
227 2229 295 2274 cum
318 2208 428 2274 cotidie
453 2229 572 2275 mecum
601 2210 747 2276 haberem
771 2209 911 2274 homines
941 2209 1142 2286 doctissimos,
1165 2228 1215 2274 eos

142 2311 204 2376 lere
227 2311 317 2397 ipsos,
334 2312 386 2397 qui
401 2312 455 2377 abs
470 2322 500 2378 te
523 2312 613 2378 modo
628 2324 699 2378 sunt
722 2313 1027 2396 commaticumque
1043 2311 1100 2376 boc
1114 2311 1215 2377 nescio

140 2435 201 2499 quo
224 2415 314 2479 medo
337 2414 418 2499 apud
434 2435 484 2480 eos
508 2415 732 2491 increbrescet,
748 2435 799 2480 me
822 2415 854 2479 in
876 2414 973 2480 causis
996 2413 1164 2480 maioribus
1178 2414 1215 2478 si-

139 2517 200 2582 cuti
223 2528 251 2581 te
274 2520 371 2582 solere
393 2518 518 2594 versari,
535 2538 592 2603 pro
615 2537 646 2581 se
669 2518 798 2602 quisque
819 2537 897 2602 quae
919 2526 1037 2601 poterat
1058 2515 1098 2581 de
1116 2516 1215 2582 officio

208 2765 260 2807 7⁰.
276 2765 377 2807 attam
397 2783 424 2796 2-
445 2762 502 2815 agio
519 2761 551 2805 da
567 2760 694 2814 ecquistor
711 2760 825 2805 dottrina.
844 2784 870 2791 —
890 2761 1037 2804 stadium
1058 2761 1147 2806 illua
1168 2763 1216 2807 ai-

129 2834 266 2893 ·srendr]
282 2833 294 2877 i·
316 2834 339 2878 lo
362 2832 443 2877 studio
466 2831 532 2875 della
553 2830 661 2876 dotlrinc
682 2831 747 2876 nelle
762 2831 845 2875 scuole
861 2830 900 2875 dei
914 2830 998 2883 rotari,
1019 2846 1032 2875 o
1054 2832 1077 2876 lo
1092 2832 1176 2878 studio
1191 2833 1216 2876 di

140 2908 233 2956 quanto
249 2903 262 2946 e
277 2904 416 2949 necessario
432 2903 578 2947 ell’oratore.
592 2925 617 2933 -
632 2903 748 2956 osaias,
763 2906 818 2947 sott.
833 2915 889 2946 meo
903 2903 1014 2956 inaenio-

181 3018 438 3071 cap.xv111.-
453 3018 505 3061 8⁰.
525 3016 649 3062 Probae
671 3017 750 3061 mibi
771 3037 798 3049 -ι
818 3017 854 3060 Tu
869 3017 901 3060 mi
920 3015 961 3061 vai
984 3016 1160 3071 convincendo,
1183 3017 1216 3062 mi

143 3089 246 3133 corninci
263 3103 276 3133 a
292 3088 445 3134 convincere.

209 3206 256 3248 ⁸1.
278 3204 344 3248 rita
364 3223 391 3236 =
406 3202 515 3247 munierit
530 3202 552 3246 di
569 3202 659 3246 virore.
672 3226 698 3232 -
719 3214 818 3256 penae
832 3201 865 3246 ha
877 3215 922 3256 per
939 3215 983 3246 suo
1000 3214 1055 3254 gen.
1072 3202 1217 3255 orationis;

140 3287 231 3319 corrant
251 3275 387 3319 bominum
409 3273 515 3327 dipende
531 3273 563 3317 da
578 3286 632 3318 eece
647 3294 672 3306 τι
686 3286 754 3318 esser
769 3272 877 3327 proprio.
899 3296 925 3304 -
945 3273 1002 3317 aad
1020 3273 1217 3328 palaestrae

142 3347 244 3400 atrapis
265 3349 293 3390 et
314 3346 376 3389 olei
396 3366 423 3378 =
437 3358 477 3389 ma
491 3346 547 3398 quel
563 3344 616 3389 lore
631 3344 683 3388 diro
699 3347 768 3388 sonte
789 3343 910 3398 piuttosto
932 3343 956 3388 di
978 3343 1088 3397 palestra
1103 3357 1117 3388 e
1132 3343 1215 3390 d'olio.

143 3417 175 3461 bn
192 3416 312 3461 rnetafora
327 3415 339 3460 ὸ
355 3416 416 3460 tolla
431 3414 497 3468 dagli
514 3414 583 3459 otleti
598 3414 658 3467 elie,
675 3413 754 3467 prime
769 3414 794 3458 di
808 3414 898 3459 lettere
917 3414 984 3458 nella
1002 3413 1121 3468 palestra,
1135 3415 1156 3460 si
1172 3430 1217 3461 un·

142 3501 236 3541 govano
252 3487 324 3531 d'olio
339 3487 355 3530 il
371 3499 446 3540 corpo
460 3500 507 3540 por
520 3485 634 3530 renderlo
652 3485 696 3538 pili
711 3485 777 3538 agile
792 3499 805 3529 e
820 3485 939 3530 uestram
955 3499 970 3530 a
984 3489 1072 3539 questo
1085 3485 1133 3530 llne
1147 3488 1216 3533 v'era

141 3564 251 3614 l'untorn,
268 3554 413 3622 ἀλείπτης.

208 3675 260 3718 82.
279 3685 420 3728 procons
428 3673 467 3717 al.
489 3672 596 3718 Antonio
612 3669 676 3715 endb
691 3670 813 3717 incilicia
827 3672 866 3717 nol
876 3675 968 3717 bel-llll
978 3676 1165 3728 conopionem,
1175 3688 1217 3718 ma

140 3741 179 3786 col
194 3745 280 3794 potere
295 3740 319 3785 di
334 3739 488 3793 proconsule,
497 3743 560 3784 tutto
576 3738 621 3783 che
630 3738 677 3783 soli
687 3742 724 3784 tro
735 3739 792 3784 anni
803 3752 922 3793 appresso
938 3739 1004 3784 fosse
1019 3738 1093 3783 electo
1108 3740 1218 3785 console.

145 3836 167 3842 -
188 3813 220 3855 ta
243 3810 403 3865 Ciliciam,
423 3810 524 3863 regione
540 3809 658 3855 dell'slsio
676 3809 777 3855 minore.
798 3833 824 3841 -
845 3810 878 3854 in
898 3810 1009 3854 caucia
1031 3809 1216 3856 maioribus

125 3899 155 3912 ε
168 3881 236 3924 nelle
253 3893 329 3926 cause
346 3881 371 3926 di
384 3881 501 3936 maggior
515 3881 678 3938 importunae„
