2526 4246
177 142 222 183 na
238 142 384 186 amarante
401 144 463 185 nm.
482 144 533 199 111,
552 143 622 186 aar.
636 144 904 198 xxxvr11-xxmx,
923 143 1040 196 §meur
1092 128 1155 205 331,

60 258 136 334 post
157 248 300 315 adhiberi
321 260 426 336 coepta
448 261 494 318 est
515 249 554 315 ad
576 260 719 316 ornatum
742 250 834 316 etiam
852 248 988 335 corporis
1003 259 1032 314 et
1047 247 1144 335 digni-

67 362 177 430 tatem,
201 352 243 418 sic
271 352 358 419 verbi
385 351 545 418 translatio
566 353 706 419 instituta
731 362 776 418 est
806 353 927 437 inopiae
955 371 1060 428 causa,
1087 350 1145 416 fre-

67 464 213 540 quentata
235 454 454 521 delectationis.
477 453 553 521 Nam
575 484 588 513 «
610 475 766 542 gemmare
788 455 874 532 vites,
898 454 1052 520 luxuriem
1079 474 1144 519 esse

67 556 98 621 in
123 556 238 636 herbis,
262 559 357 624 laetas
378 568 528 645 segetes»
550 558 644 624 etiam
667 558 768 624 rustici
799 557 912 623 dicunt.
943 555 1030 640 Quod
1059 556 1144 622 enim

67 658 215 725 declarari
234 659 287 725 vix
308 660 404 727 verbo
425 660 552 747 proprio
566 670 674 747 potest,
695 659 726 726 id
742 662 865 726 traslato
877 680 945 727 cum
958 669 1003 724 est
1018 658 1142 736 dictum,

68 759 199 828 illustrat
222 761 264 840 id,
287 762 368 849 quod
391 763 526 850 intellegi
550 766 709 841 volumus,
732 763 798 829 eius
828 763 890 841 rei,
921 782 1013 849 quam
1043 761 1144 826 alieno

67 862 161 930 verbo
189 865 360 951 posuimus,
392 864 572 931 similitude.
617 865 693 952 Ergo
724 865 781 930 hae
812 865 1024 930 translationes
1057 864 1142 949 quasi
1172 873 1224 928 156

69 967 273 1034 mutuationes
302 978 391 1045 sunt,
422 987 491 1034 cum
522 967 603 1054 quod
625 988 688 1034 non
717 968 846 1045 habeas,
876 967 1001 1035 aliunde
1023 988 1142 1048 sumas;

69 1068 138 1136 illae
158 1070 253 1156 paulo
274 1070 463 1149 audaciores,
487 1091 565 1156 quae
588 1091 650 1137 non
676 1071 810 1158 inopiam
834 1072 981 1150 indicant,
1002 1071 1055 1138 sed
1081 1092 1145 1136 ora-

69 1171 141 1238 tioni
164 1172 337 1259 splendoris
361 1173 478 1259 aliquid
508 1184 679 1253 arcessunt3
711 1194 842 1260 quarum
871 1195 925 1260 ego
955 1173 1029 1259 quid
1058 1174 1144 1239 robis

71 1285 118 1339 aut
139 1274 320 1341 inveniendi
344 1276 495 1342 rationem
517 1286 569 1342 aut
591 1296 704 1362 genera
726 1282 862 1362 ponam?

108 1376 284 1445 XXXlX.
313 1376 544 1465 [Similitudinis
577 1389 622 1444 est
652 1378 690 1444 ad
720 1379 850 1444 verbum
873 1398 970 1443 unum
993 1388 1144 1443 contracta
1171 1384 1222 1437 157

73 1476 210 1558 brevitas,
233 1479 315 1565 quod
339 1481 469 1547 verbum
490 1482 524 1546 in
547 1482 647 1547 alieno
670 1484 734 1547 loeo
757 1491 913 1566 tamquam
936 1479 967 1543 in
991 1500 1044 1545 suo
1067 1480 1143 1564 posi-

74 1590 142 1660 tum,
165 1583 190 1647 si
209 1582 391 1669 agnoscitur,
407 1582 551 1663 delectat;
568 1584 592 1648 si
609 1584 709 1650 simile
725 1582 803 1648 nihil
821 1583 922 1660 habet,
940 1582 1142 1668 repudiatur}

74 1678 127 1747 Sed
148 1700 185 1747 ea
207 1680 366 1747 transferri
391 1692 519 1767 oportet,
540 1702 619 1768 quae
641 1692 693 1748 aut
711 1682 871 1748 clariorem
889 1681 1003 1747 faciunt
1019 1701 1094 1757 rem,
1110 1691 1145 1746 ut

74 1780 122 1849 illa
143 1783 265 1850 omnia:

537 1887 727 1952 Inltorresct't
747 1909 844 1967 enare,

73 1987 229 2055 Tenebrae
239 1989 510 2073 conduplicantan
522 1992 678 2077 noctisque
689 2002 716 2055 et
724 1991 868 2056 nt'ntdarn
877 1990 1014 2056 obcaecat
1025 1993 1145 2076 nt'pror,

67 2092 216 2157 Flarnrna
237 2091 435 2157 internubes
457 2104 604 2171 coruscat,
628 2095 748 2158 caelnrn
771 2096 889 2158 tont'tra
911 2097 1079 2171 contremit,

67 2194 199 2261 Grande
221 2195 321 2259 aniate
342 2194 440 2259 imbri
460 2197 598 2281 larpt'fico
620 2195 723 2261 sabito
742 2196 952 2280 praecipitans
975 2197 1065 2271 eadit,

70 2297 216 2384 Undique
238 2316 342 2361 omnes
363 2298 449 2361 nenti
469 2309 648 2381 erumpant,
671 2299 757 2362 saevi
777 2299 927 2362 antestant
950 2296 1095 2369 turbines,
1171 2306 1174 2310 '

63 2400 172 2466 Ferait
192 2410 278 2464 aesta
296 2401 447 2485 petapas:

64 2621 90 2640 =
105 2601 207 2648 missin
225 2614 297 2655 roga,
316 2614 373 2647 ress
388 2601 527 2656 frequente,
543 2614 653 2647 comune.
667 2602 740 2647 L'uso
756 2601 793 2646 de’
804 2599 908 2654 tresletl‚
924 2614 937 2645 e
952 2600 1091 2655 principale
1106 2601 1145 2646 fre

64 2676 115 2722 essl
127 2676 154 2720 la
167 2672 298 2729 metatore,
312 2678 379 2719 sorte
394 2686 440 2727 per
454 2673 585 2729 necessita,
599 2674 743 2719 continuato
762 2687 808 2728 per
830 2674 983 2727 eggiungere
1004 2673 1106 2719 viveazo
1121 2674 1144 2718 al

64 2746 184 2800 discorso,
198 2744 232 2789 ha
245 2743 308 2789 latta
322 2744 406 2789 rioche
420 2748 484 2790 tutte
498 2746 522 2789 le
537 2744 635 2799 lingue,
649 2744 712 2791 ande
733 2745 762 2789 G.
780 2745 806 2790 B.
820 2744 882 2790 Vico
897 2745 999 2791 scrisse:
1013 2745 1049 2791 Le
1069 2751 1146 2791 meto-

64 2816 120 2863 lora
132 2816 160 2862 le
173 2816 193 2861 il
207 2815 322 2869 maggior
335 2828 412 2870 carpo
428 2815 492 2860 delle
507 2815 592 2869 lingue
614 2829 680 2871 oppa
702 2821 765 2862 tutte
788 2817 811 2862 le
832 2816 930 2862 naziani
951 2817 1094 2874 <Prtneiptt
1117 2819 1144 2862 at

63 2889 169 2934 scienza
183 2889 287 2940 nuova).
301 2910 328 2918 —
347 2887 499 2932 adhiberi
519 2891 632 2942 coapta
652 2891 705 2933 est.
726 2888 819 2933 Perohd
834 2889 906 2943 coepi
920 2888 933 2933 ὲ
948 2889 1011 2934 fatto
1026 2889 1145 2944 passivo?

64 2960 342 3015 -sreanentata
361 2976 387 2994 =
401 2972 458 3003 resa
474 2958 612 3012 frequente.
626 2983 652 2991 -κ
667 2960 927 3014 delectationis;
942 2963 998 3005 sott.
1012 2974 1102 3005 cansa.
1119 2985 1145 2992 -

66 3030 231 3077 lanariam
247 3041 315 3074 essa
331 3030 365 3074 in
381 3030 529 3074 herbis:
545 3030 730 3083 lussureggiore
748 3031 756 3073 i
772 3030 846 3083 proti.
860 3053 886 3061 —
906 3030 1005 3074 etiam
1025 3032 1146 3076 rustici

66 3102 186 3158 dicant,
199 3099 292 3157 perche
302 3101 394 3157 inopia
403 3103 492 3147 coacti.
499 3126 525 3133 —
535 3103 560 3147 ta
566 3102 692 3147 lustrat
702 3101 734 3146 ha
744 3115 790 3155 per
798 3114 867 3154 soeg.
875 3101 1023 3145 similitudo
1034 3102 1089 3145 etus
1098 3104 1145 3148 rei.

131 3212 204 3257 16⁶.
220 3215 410 3257 arcessant
424 3211 521 3256 traduci
535 3213 573 3256 ool
588 3211 672 3256 verbo:
694 3209 824 3255 conferire.
837 3232 864 3241 -
879 3222 920 3264 qn
929 3209 965 3253 id
978 3227 1005 3245 =
1019 3223 1035 3253 s.
1049 3209 1114 3254 elie?
1129 3226 1145 3255 a

66 3284 125 3339 quel
138 3266 242 3328 duell}
262 3295 296 3326 un
311 3294 392 3327 accus.
406 3286 494 3327 neutro
508 3285 580 3327 usoto
596 3295 649 3326 avr.
664 3305 690 3313 —
704 3279 914 3326 inveniendi
931 3279 1144 3324 rationem:

65 3353 83 3399 il
99 3353 173 3399 modo
190 3352 216 3397 di
232 3352 348 3407 trovsrle,
365 3366 377 3398 e
393 3353 492 3408 quindi:
505 3354 529 3398 le
544 3353 605 3399 fonti
616 3353 680 3397 ande
698 3351 836 3406 attingerle.
850 3375 877 3381 -
887 3350 1068 3405 portante:
1082 3364 1145 3406 pro-

63 3423 187 3478 ponam?

106 3530 178 3584 θοι).
195 3530 353 3575 XXXIX.
371 3553 397 3560 -
415 3531 486 3575 1⁵⁷.
502 3531 689 3583 clariorem,
703 3528 747 3583 piu
763 3528 884 3576 evidente.
900 3552 925 3559 -
939 3526 1145 3573 Inltorrescit

67 3613 165 3655 mare,
181 3613 231 3646 ecc.
241 3600 327 3654 Questi
337 3601 411 3655 versi,
426 3601 563 3645 tetrametri
578 3600 679 3646 troeaici
695 3599 838 3653 eatalottiei,
854 3601 894 3645 nel
905 3599 936 3643 de
946 3598 1025 3643 divin.
1040 3600 1059 3653 l,
1074 3602 1146 3653 14:24,

68 3671 174 3717 senode
193 3671 243 3716 Cio.
257 3678 336 3717 stesso
352 3671 472 3716 attribuiti
489 3686 503 3715 a
518 3671 633 3716 Pacuvio.
647 3671 666 3715 ll
680 3675 822 3717 veromente
838 3684 897 3716 sario
913 3669 936 3713 di
953 3668 995 3723 lui,
1009 3669 1048 3716 del
1064 3672 1146 3716 Dala-

68 3746 156 3787 rastes.
170 3740 196 3787 si
210 3741 262 3787 noti
279 3754 347 3787 come
364 3755 407 3787 son
427 3741 518 3786 ritratti
541 3742 722 3786 efficacemente
738 3742 746 3787 i
761 3740 831 3795 segni
845 3740 988 3796 precursori
1002 3741 1069 3786 della
1086 3748 1145 3786 torn-

68 3817 140 3867 pesco
149 3813 174 3858 ol
184 3815 336 3858 tramontare
352 3812 391 3857 del
402 3813 461 3857 sole.
472 3812 521 3856 Clr.
534 3813 643 3866 Sanaos,
651 3811 746 3865 Anam.
755 3816 794 3858 481
810 3824 823 3856 a
839 3810 958 3865 seguenti.
968 3833 993 3843 -
1003 3813 1146 3857 ninrbrcm

69 3884 271 3935 =nimdoram,·
285 3884 442 3939 obcaecat,
457 3886 514 3929 aott.
528 3883 598 3929 dtern
612 3881 712 3938 (Satell-
725 3907 751 3919 -
782 3883 865 3930 arott
878 3895 924 3939 per
939 3881 1032 3935 fauet.
