2558 4236
236 112 279 151 nn
297 110 443 152 onarona
460 111 523 151 aas.
542 112 591 161 111,
611 110 679 152 aar.
699 113 857 166 xxi-xxm,
877 116 963 167 ξω
1088 98 1139 151 299

29 39 51 119 ἔ

27 138 46 197 ⁸:

17 170 46 299 f
88 196 179 283 littere.
222 216 275 283 llic
289 216 427 284 Crassus:
451 216 511 282 lloc
524 217 590 295 tibi,
606 218 716 304 inquit,
732 217 846 296 Catule,
862 221 999 305 primum
1016 239 1139 306 persua·
1164 234 1202 288 83

14 316 31 401 ξ’
84 298 265 397 desierim,
287 340 339 387 me
360 340 423 386 non
445 323 542 387 multo
564 341 649 387 secus
671 321 779 399 facere,
801 343 870 388 curn
893 322 932 388 de
954 333 1074 388 oratore
1096 321 1139 385 ‹n-

10 430 18 437 '
78 424 205 502 sputem,
227 445 261 490 ac
283 423 431 502 iacerem,
453 423 478 489 si
508 434 586 490 esset
615 424 693 489 mihi
720 425 759 491 de
788 426 937 491 histrione
964 425 1136 491 dicendum.

21 586 25 591 .
73 505 214 612 Negarem
228 526 314 592 enim
331 546 421 612 posse
435 546 507 592 eum
521 527 594 592 satis
605 526 703 593 iacere
719 528 751 592 in
765 538 860 614 gestu,
873 529 933 593 nisi
944 530 1136 614 palaestram,

68 624 128 693 nist
149 630 260 695 saltare
282 627 449 709 didicisset3
481 649 590 715 nsque,
614 650 649 695 ea
672 650 741 696 cum
763 631 907 708 dicerem,
930 651 980 696 me
1005 650 1071 695 esse
1095 630 1138 694 hi-

63 730 215 797 saionem
237 751 359 799 noeesse
380 740 468 809 esset,
492 731 545 797 sed
567 732 695 798 fortasse
717 753 779 798 non
802 735 930 800 stultum
952 733 1045 799 alieni
1068 733 1138 797 arti-

59 824 125 901 ficii
140 833 392 901 existimatorem.
438 834 587 900 Similiter
602 855 684 901 nunc
698 835 736 901 de
751 847 871 902 oratore
886 846 987 902 vestro
1003 836 1138 921 impulsu
1164 845 1200 899 84

56 927 185 1024 loquor,
208 956 328 1003 summo
350 936 471 1003 scilicet.
495 936 624 1023 Semper
638 939 732 1015 enim,
745 958 936 1025 quacumque
950 938 988 1005 de
1004 948 1068 1003 arte
1086 949 1138 1004 aut

53 1034 207 1107 facultate
221 1040 388 1125 quaeritur,
404 1039 443 1105 de
458 1039 595 1106 absoluta
610 1050 641 1105 et
655 1040 788 1126 perlecta
803 1042 910 1127 quaeri
926 1043 1009 1107 solet.
1027 1040 1137 1124 Quare,

52 1142 84 1208 si
108 1141 175 1209 iam
197 1162 248 1209 mc
262 1141 356 1208 vultis
371 1162 437 1209 esse
450 1152 613 1220 oratorem,
629 1142 654 1207 si
673 1142 765 1208 etiam
780 1145 966 1221 sathanam,
982 1144 1007 1208 si
1022 1144 1139 1209 bonum

51 1245 210 1332 denique,
232 1264 295 1311 non
317 1245 505 1333 repugnabo.
528 1245 608 1329 Quid
631 1245 715 1311 enim
738 1266 820 1312 nunc
842 1247 900 1311 sim
927 1246 1069 1332 ineptus?
1097 1246 1139 1310 ita

51 1366 110 1415 me
134 1346 306 1414 existimari
327 1347 397 1412 scio.
421 1347 508 1432 Quod
531 1346 555 1412 si
579 1348 620 1414 ita
635 1358 689 1424 est,
707 1368 845 1414 summus
860 1358 963 1413 tamen
980 1356 1060 1413 certe
1076 1367 1138 1412 non

52 1471 142 1518 sum.
165 1449 270 1536 Neque
292 1448 376 1515 enim
398 1450 480 1536 apud
504 1450 644 1517 homines
667 1472 716 1516 res
731 1460 776 1516 est
790 1452 853 1516 ulla
869 1449 1023 1516 difficilior
1038 1469 1139 1534 neque

53 1553 163 1620 maior
186 1572 287 1638 neque
309 1573 387 1638 quae
412 1555 502 1639 plura
517 1552 694 1619 adiumenta
715 1553 872 1619 doctrinae
894 1552 1055 1618 desideret.
1101 1552 1139 1617 dc
1164 1557 1202 1611 85

54 1668 180 1733 tamen,
203 1655 349 1741 quoniam
370 1655 410 1721 de
424 1665 544 1721 oratore
560 1655 647 1721 nohis
662 1656 882 1742 disputandum
897 1665 952 1733 est,
964 1655 1003 1721 de
1019 1675 1139 1721 summo

56 1768 188 1826 oratore
208 1757 307 1823 dicam
329 1778 452 1825 necesso
472 1769 526 1824 est.
550 1757 603 1823 Vis
626 1759 711 1824 enim
733 1769 763 1824 et
786 1769 896 1825 natura
918 1758 974 1836 rei,
997 1758 1056 1824 nisi
1072 1778 1141 1844 per-

56 1864 140 1930 fecta
164 1870 236 1926 ante
256 1856 358 1926 oculos
379 1861 519 1946 ponitur,
543 1861 642 1947 qualis
668 1871 698 1926 et
720 1872 834 1948 quanta
856 1862 895 1927 sit
917 1861 1052 1947 intellegi
1075 1882 1138 1926 non

57 1974 175 2054 potest.
194 1962 241 2029 Me
263 1973 376 2041 autem,
399 1962 514 2041 Catule,
536 1963 632 2029 fateor
655 1984 754 2049 neque
772 1964 862 2030 lrodie
879 1965 910 2029 in
927 1963 991 2029 istis
1007 1965 1094 2029 libris
1110 1974 1140 2028 et

57 2087 135 2135 cum
158 2066 225 2131 istis
248 2066 425 2133 hominibus
446 2068 552 2132 vivere
575 2086 630 2132 neo
652 2087 736 2144 vero,
759 2067 790 2131 id
813 2067 894 2153 quod
917 2078 949 2132 tu
965 2078 1046 2132 recte
1062 2087 1140 2130 com·

132 2277 186 2321 88.
207 2274 240 2320 H
241 2289 273 2321 ac
291 2274 403 2331 anticipa
415 2276 441 2320 lc
454 2275 577 2333 proposiz.
592 2275 633 2321 int.
647 2288 688 2320 me
701 2287 755 2320 aaa
764 2276 848 2320 malta
857 2287 931 2320 aecae
941 2275 1039 2330 facere,
1054 2287 1104 2319 eac.
1113 2297 1140 2305 -

57 2350 95 2393 tn
110 2349 211 2402 aeota.
224 2345 272 2391 Nel
285 2345 466 2400 trudonense
479 2345 497 2390 il
511 2345 608 2398 plurale
624 2345 664 2390 del
678 2358 750 2390 nome
765 2358 778 2390 o
793 2345 904 2390 l’infinito
919 2359 934 2390 a
948 2347 995 2389 mo’
1010 2343 1034 2387 dl
1049 2349 1141 2389 sest.—

56 2418 286 2475 palaectram‚
305 2415 341 2470 gli
357 2416 459 2461 esereizi
478 2414 545 2460 della
559 2416 677 2470 palestra,
696 2416 758 2479 dove
773 2415 781 2459 i
796 2415 910 2469 giovani,
925 2415 1032 2461 secondo
1053 2415 1142 2469 Plout,

57 2489 163 2535 Bacch.
175 2489 196 2543 3,
210 2489 231 2543 8,
245 2489 285 2533 24:

231 2623 291 2636 .....
312 2600 399 2644 cursu,
413 2589 545 2643 lactanda,
564 2589 651 2642 hasta,
674 2589 750 2643 disco,
767 2589 901 2644 pucilam,
910 2589 979 2644 pila,

227 2656 355 2704 &alicnde
369 2672 397 2704 aa
411 2659 570 2705 exercebant.

58 2792 88 2801 -
99 2779 164 2813 non
176 2741 326 2814 stultam.
334 2802 354 2814 ..
371 2766 535 2820 (oppressione
546 2766 571 2810 di
582 2767 712 2817 modestia)
726 2768 932 2813 existimatorem
942 2767 1037 2822 (critico
1048 2769 1142 2818 d'orte).

133 2890 187 2934 84.
202 2892 309 2935 vostra
329 2889 476 2944 impulsa
489 2890 983 2943 =apersuasionevostre-smmno
1003 2892 1139 2944 scilicet,

61 2964 121 3007 sott.
135 2963 248 3005 aratura
265 2983 292 2992 -
312 2960 442 3005 scilicet
459 2960 577 3010 (aci-licat
590 2978 617 2996 =
632 2960 713 3013 sappi,
726 2959 771 3004 alre
786 2959 805 3003 ti
820 2958 833 3004 ὸ
848 2960 930 3011 lecito)
942 2960 1008 3004 vale:
1021 2960 1140 3004 s’intonde

59 3032 97 3077 da
111 3031 147 3086 ed,
161 3044 175 3075 e
189 3029 290 3087 quindit
303 3029 439 3076 beninteso.
453 3053 479 3061 -
494 3030 647 3075 absolata
669 3034 696 3074 ct
713 3030 864 3085 perlecta
879 3031 990 3074 formano
1005 3031 1103 3074 endiadi
1113 3048 1141 3066 ι-

59 3101 105 3146 del
119 3104 185 3146 tutto
194 3099 311 3155 perfetta.
324 3122 351 3132 —-
365 3101 394 3145 si
411 3101 476 3145 iam
489 3101 559 3145 vale:
574 3114 600 3145 se
611 3101 761 3145 dauvero.-
775 3103 827 3144 sat
846 3100 996 3145 bonam...
1018 3101 1140 3144 bostram.

59 3172 100 3219 La
115 3170 252 3217 differenza
265 3169 293 3217 e:
306 3177 404 3217 oratore
419 3171 636 3217 sufficientemente
651 3171 733 3215 buono
748 3178 869 3215 curatore
885 3170 909 3213 di
924 3174 1003 3214 conto.
1017 3193 1042 3200 —
1060 3170 1142 3225 Quid

60 3244 151 3290 onim
170 3254 255 3289 nana
274 3243 336 3288 aim
356 3241 690 3298 ineptcet=1tperene
712 3241 796 3286 dorrei
818 3241 841 3286 io
863 3242 916 3286 lare
938 3241 955 3285 il
973 3241 1063 3286 ritroso
1084 3241 1140 3286 fuor

59 3313 89 3359 di
104 3313 182 3366 luogo
196 3311 341 3369 (ineptam
353 3311 464 3368 [neptas
478 3313 534 3356 vale
556 3325 609 3357 aare
631 3315 718 3367 aptus,
736 3311 789 3357 aiod
811 3311 850 3355 ahi
871 3324 920 3356 non
939 3311 952 3355 e
972 3325 987 3355 a
1004 3311 1144 3365 proposito,

58 3397 112 3431 non
128 3385 278 3439 opportuno,
291 3382 304 3428 d
319 3383 374 3429 tuor
388 3383 414 3427 di
428 3383 510 3436 luogo.
523 3383 543 3426 E
558 3382 602 3427 tali
618 3396 693 3427 erano
708 3383 766 3437 quei
781 3381 862 3434 Greci,
876 3382 921 3427 ohe
936 3381 1100 3436 disputaruno
1116 3382 1140 3426 di

55 3458 137 3507 tutto,
151 3456 216 3499 senz'
232 3466 291 3499 aver
305 3452 423 3507 riguardo
438 3468 452 3498 a
466 3453 559 3507 luoghi,
577 3468 593 3498 a
608 3454 692 3508 tempi,
707 3467 721 3498 a
735 3466 848 3508 persone.
862 3477 889 3483 -
903 3454 964 3506 ita,
984 3452 1037 3498 aiod
1053 3457 1142 3510 aptas,

57 3528 157 3575 orator
172 3525 262 3570 banus.

133 3628 188 3673 8³.
207 3629 249 3673 Ac
262 3630 405 3673 tamea...
423 3628 458 3672 dc
476 3641 598 3672 sumpto
617 3631 747 3672 oratore
767 3629 872 3673 dicam
891 3640 1013 3673 necesse
1027 3633 1073 3673 est
1088 3629 1100 3673 e
1116 3630 1142 3672 lu

57 3710 239 3753 conseguenzo
253 3701 424 3744 rtrettcmente
440 3699 521 3751 logica
532 3698 597 3743 dello
611 3712 752 3752 premessa:
765 3699 875 3754 Semper
889 3700 966 3754 enim,
977 3714 1141 3755 quaeautque

56 3773 93 3819 dc
116 3773 176 3816 arta
197 3772 246 3815 aut
264 3769 395 3825 facultate
415 3770 565 3824 quaeritur,
583 3771 614 3814 de
636 3771 759 3814 absoluta
781 3774 805 3814 et
822 3771 943 3825 perfecta
961 3772 1054 3826 quaeri
1068 3771 1141 3814 solet.

54 3867 88 3879 -
119 3840 212 3888 Via...
235 3844 266 3885 ot
285 3844 427 3886 natura:
444 3840 552 3887 cndiedi.
571 3866 598 3874 —
623 3856 693 3889 carn
717 3844 796 3890 istis
818 3844 1011 3890 leonciaibas
1028 3843 1158 3891 otnero,
