2526 4246
141 129 193 181 240
512 143 545 181 n.
564 142 669 181 runnu
688 140 852 182 arceamus

141 247 267 326 usitatis,
292 248 315 312 si
339 248 447 313 ordine
478 259 652 334 temporum
681 257 871 325 conservato,
903 248 927 313 si
960 269 1022 314 non
1047 248 1174 332 intennpte
1234 267 1237 345 j

141 350 327 416 narrabitur.
788 398 791 402 -

65 464 116 518 330
187 449 350 514 nxxxl.
375 448 435 514 Sed
457 447 580 533 quando
603 448 752 515 utendum
775 448 814 512 sit
831 458 965 514 autnon
981 449 1020 514 sit
1036 448 1178 521 narratione,
1225 438 1236 459 '¹

143 553 172 616 id
196 564 241 617 est
263 552 389 617 consilii.
413 549 516 636 Neque
534 551 628 627 enim,
645 552 668 615 si
693 562 764 617 nota
787 570 836 617 res
859 561 906 617 est
929 572 987 618 nec
1001 552 1117 619 dubium
1129 544 1178 634 quii

143 666 261 739 gestum
286 655 333 732 sit,
357 673 484 719 narrare
506 664 635 740 oportet,
659 674 714 719 nec
735 653 760 718 si
784 653 984 720 adversarius
1002 648 1179 730 narravitnisi
1223 646 1233 659 ”

143 759 166 822 si
193 757 376 823 refellemus.
400 756 448 833 hc,
472 756 495 819 si
520 755 643 840 quando
665 756 721 821 erit
745 755 950 834 narrandum,
982 757 1181 839 umidaque
1223 772 1226 779 ·

143 859 346 944 suspicionem
369 868 399 922 et
420 858 536 923 crimen
559 857 693 923 efficient
714 868 881 942 contraque
909 878 966 924 nos
989 870 1085 936 erunt,
1105 855 1182 922 acriter

144 981 366 1046 persequemur
381 972 410 1026 et
427 960 576 1046 quidquid
598 961 733 1046 potuerit
746 960 963 1040 detrahemus;
983 982 1024 1028 ne
1039 953 1183 1044 illudquoi
1233 970 1237 983 ²

143 1064 277 1139 Crassus,
299 1064 322 1127 si
347 1063 469 1149 quando
494 1062 554 1140 dat,
577 1063 717 1147 pertidia,
741 1083 802 1127 non
826 1065 958 1130 stultitia
984 1064 1050 1132 lieri
1070 1068 1184 1150 putatet

142 1186 249 1232 causae
271 1187 442 1243 noceamus,
466 1166 587 1231 accidat.
603 1165 679 1230 Nam
695 1167 733 1231 ad
748 1186 903 1232 summam
924 1169 1020 1235 totius
1034 1182 1185 1250 causacpet·

143 1269 228 1344 tinet,
251 1279 337 1334 caute
359 1289 397 1332 an
421 1280 524 1333 contra
548 1267 753 1334 demonstrata
779 1288 826 1333 res
849 1269 898 1347 sit,
929 1270 1013 1355 quod
1035 1270 1126 1337 omnis
1142 1285 1186 1331 ora·

142 1371 234 1436 tionis
257 1373 393 1456 reliquae
416 1373 482 1435 i'ons
505 1381 550 1435 est
573 1371 717 1437 narratio.

65 1487 113 1541 331
185 1470 339 1556 Sequitur,
362 1480 396 1535 ut.
417 1490 505 1534 causa
527 1479 669 1554 ponatur,
692 1470 725 1533 in
748 1489 807 1554 quo
830 1469 1004 1538 videndum
1027 1484 1071 1537 est
1092 1468 1153 1556 quid
1166 1466 1188 1530 in

143 1573 381 1638 controversiam
396 1572 507 1637 veniat.
524 1571 601 1637 Tum
617 1571 804 1659 suggerenda
819 1583 892 1638 sunt
904 1573 1101 1641 firmamenta
1110 1586 1191 1639 causat

141 1676 299 1740 coniuncte
321 1685 350 1740 et
373 1674 567 1739 intirmandis
586 1675 746 1740 contrariis
761 1686 791 1740 et
807 1675 866 1741 tuis
884 1676 1114 1743 confirmandis.
1126 1673 1192 1741 Nam

141 1798 200 1861 que
223 1799 283 1841 una
307 1779 337 1842 in
362 1779 458 1843 causis
481 1777 557 1841 ratio
581 1777 730 1862 quaedam
752 1790 797 1843 est
819 1778 885 1844 eius
908 1780 1068 1858 orationis,
1086 1772 1193 1865 quaeri

140 1878 329 1964 probandam
353 1880 649 1966 argumentationem
671 1882 760 1946 valet.
784 1879 823 1944 Ea
846 1891 951 1946 autem
970 1894 1001 1948 et
1015 1879 1195 1948 confirmatio

140 2001 212 2046 nem
234 1991 264 2045 et
286 1983 559 2066 reprehensionem
582 1983 714 2066 quaer·it;
735 1982 798 2059 sed,
813 1983 884 2066 quia
901 2004 1005 2069 neque
1022 1979 1196 2072 reprehendi,

140 2104 218 2168 quae
240 2095 344 2148 contra
367 2085 520 2162 dicuntur,
537 2095 673 2170 possunt,
690 2085 747 2150 nisi
764 2096 815 2150 tua
830 2085 1009 2165 confirmes,
1025 2107 1123 2173 neque
1138 2086 1197 2151 haec

139 2187 326 2264 oontirmari,
350 2188 407 2251 nisi
431 2188 483 2251 illa
507 2187 724 2272 reprehendas,
749 2187 858 2252 idcirco
889 2188 965 2255 haec
995 2202 1025 2256 et
1056 2201 1158 2256 natura
1175 2196 1198 2252 et

65 2297 115 2352 332
140 2286 271 2352 utilitate
293 2296 323 2350 et
345 2285 522 2350 tractatione
543 2286 702 2350 coniuncta
725 2294 805 2350 sunt.
851 2284 965 2352 Omnia
982 2298 1086 2355 autem
1100 2287 1199 2354 conch-

140 2383 240 2449 denda
263 2386 445 2470 plerumque
469 2383 559 2447 rebus
581 2383 728 2493 augendis
747 2385 794 2448 vel
813 2383 1039 2452 inflammando
1054 2383 1198 2454 indiceret

139 2552 210 2594 ratio
227 2564 270 2594 ero
291 2549 359 2593 (letto
381 2547 470 2592 anche:
493 2546 589 2600 lueida,
612 2545 750 2590 manifesta.
764 2570 791 2577 —
806 2560 867 2591 aare
887 2548 1078 2605 interrupte
1091 2571 1117 2586 -
1131 2546 1200 2602 segui-

140 2624 255 2663 tumente.

207 2698 279 2750 cap.
294 2699 443 2742 LXXXI.
455 2721 479 2728 -
491 2697 565 2741 330.
583 2697 613 2741 id
632 2700 678 2740 eet
700 2697 834 2742 consilii
847 2710 926 2742 -ree
937 2703 976 2743 eet
986 2699 1200 2747 comitii-inde·

139 2768 319 2811 liberationem
331 2769 408 2812 cadit.
418 2793 443 2798 -
455 2781 493 2821 qa
501 2767 531 2811 ia
551 2770 676 2820 poetam
690 2768 733 2811 eit
747 2787 774 2800 -
785 2767 808 2811 la
816 2765 896 2812 veritat
905 2773 988 2814 stessa
998 2770 1039 2815 del
1050 2772 1149 2817 satta·
1158 2778 1201 2815 net

138 2839 166 2881 oi
180 2858 206 2871 -
221 2838 330 2881 noanehe
346 2843 470 2889 (narrare
489 2840 598 2891 oportet)
617 2836 656 2879 nel
677 2850 735 2882 caso
753 2836 839 2881 ohe...
853 2860 879 2868 —
893 2839 962 2883 reiei
980 2841 1010 2885 ei
1029 2843 1200 2898 refellamur

178 2923 193 2952 a
209 2921 279 2952 meno
289 2908 334 2952 che
349 2922 397 2953 non
413 2908 492 2953 faceia
507 2907 614 2952 mestieri
630 2907 902 2961 confutarlo,ribettere
918 2908 943 2953 in
958 2908 997 2955 eid
1013 2911 1199 2958 laurei-serio.-

138 2981 261 3023 aeriter
278 2991 514 3034 persequemur
527 2997 554 3011 =
568 2978 590 3021 oi
607 2977 752 3023 termeremo
768 2985 866 3032 troppo.
883 3002 908 3010 -
926 2982 1012 3034 quoa
1035 2983 1196 3030 Craeeae...

137 3049 325 3104 putat,coni'e
336 3049 404 3095 detto
416 3049 454 3093 nel
467 3051 570 3101 §303.—
582 3049 622 3092 ad
640 3060 797 3093 rammam
816 3051 919 3095 tettae
934 3063 1057 3099 caueae
1073 3051 1198 3110 pertinet

136 3121 184 3165 -ὲ
195 3122 219 3165 di
229 3121 323 3175 grando
334 3122 487 3175 importunae
502 3133 547 3173 per
556 3118 581 3162 la
591 3118 716 3164 decisione
726 3118 792 3164 delia
803 3133 885 3165 causa.
895 3145 921 3152 -
929 3127 1024 3168 eaata
1043 3137 1085 3170 arr
1102 3125 1199 3170 cantra

137 3193 259 3242 (incaute)
279 3194 504 3236 demonstrata
526 3202 575 3233 ree
597 3191 625 3234 ei
630 3193 640 3233 t
650 3208 677 3222 -
687 3204 714 3234 se
729 3189 788 3235 siesi
804 3191 865 3235 fatto
882 3191 906 3236 ia
920 3194 1068 3240 norrazione
1078 3209 1123 3241 eon
1137 3191 1200 3239 motu

137 3266 230 3312 (caute)
246 3277 259 3307 o
274 3276 338 3316 poca
353 3262 452 3306 cautela
466 3266 511 3311 (aa
527 3264 634 3310 contra).

203 3352 270 3395 831.
291 3363 391 3395 cauea
405 3353 554 3403 ponatur
574 3367 601 3381 =
614 3360 697 3392 cauea
713 3351 938 3405 properaturum
954 3354 1128 3407 propositione
1145 3349 1198 3397 deth

136 3432 212 3465 cerusa
231 3422 392 3476 (propositio,
411 3416 564 3483 πρόθεσις),
588 3419 692 3463 succede
718 3420 768 3465 ullu
791 3422 921 3467 narratio.
944 3446 971 3454 —
994 3424 1198 3479 firmamenta

136 3504 253 3536 caueae
267 3507 327 3538 sono
343 3496 425 3549 quello
440 3495 484 3539 ohe
499 3493 676 3539 costituiscono
696 3494 720 3539 le
733 3497 856 3550 probatio
872 3508 886 3540 ο
901 3501 1098 3552 arpamentatio
1109 3490 1198 3561 (πίστις)

134 3561 179 3605 cho
195 3562 208 3605 i»
223 3564 245 3607 la
262 3565 305 3618 piu
319 3567 467 3620 importante
483 3565 547 3610 delle
558 3563 623 3619 parti
634 3561 784 3611 dell'oratia.
799 3591 824 3598 -
835 3568 1055 3623 infirmandis
1070 3567 1198 3626 (refutatio.

134 3628 220 3693 λύσις)
247 3637 428 3681 contrariis
451 3633 658 3698 (dvaideacgi....
682 3638 748 3681 tais
772 3639 1013 3692 confirmandis
1028 3635 1197 3697 (eerrflrmatt'a

134 3704 285 3770 ἀπόδειξις).
306 3734 329 3740 -
345 3724 445 3757 rina...
474 3713 560 3757 ratio
584 3714 740 3766 quaedam
763 3713 972 3759 eet=iacome
988 3729 1020 3759 un
1036 3717 1072 3761 soi
1088 3725 1196 3768 corpo-³

135 3786 250 3836 quaeri
255 3789 264 3828 t
278 3806 304 3818 ’π
319 3785 459 3840 abbrareia,
473 3787 628 3840 conrprrnde.

193 3865 270 3912 332.
294 3867 394 3914 rebus
415 3868 579 3924 arependis
600 3866 613 3911 i·
630 3867 679 3912 uhi.
691 3874 777 3913 strum.
790 3868 938 3919 dunanda-nte
947 3868 981 3912 itu
995 3866 1194 3924 inltarrrmandrt
