2526 4246
189 125 233 166 na
251 126 396 170 onaroas
413 131 476 171 aru.
495 131 544 182 111,
563 131 633 173 car.
650 132 873 182 xxxv-xxxva
890 134 900 181 s
916 132 1006 176 ris-147
1094 119 1146 173 327

66 228 100 295 ln
125 251 187 317 qna
208 233 304 299 velim
325 235 364 300 sit
386 235 473 314 illud,
497 236 579 322 quod
600 257 691 324 saepe
712 237 849 324 posuisti,
873 247 907 303 ut
933 256 996 302 non
1023 256 1145 302 neeesse

66 333 105 397 sit
127 353 309 402 consumere
330 347 460 404 aetatem
482 349 573 424 atque
595 350 629 405 ut
650 340 745 426 possit
766 339 792 404 is
815 339 868 405 illa
890 338 993 405 omnia
1008 358 1143 416 cernere,

66 435 119 519 qui
135 439 350 505 tantummodo
364 439 552 527 adspexerit:
573 441 635 519 sed,
652 442 770 507 etiamsi
786 452 832 507 est
845 441 1002 527 aliquanto
1018 440 1144 526 spissius
1215 466 1217 470 ·

66 548 120 604 ant
142 538 169 603 si
187 559 242 626 ego
256 561 325 608 sum
339 542 465 621 tardior,
481 544 615 630 prolecto
630 564 791 630 nunquam
812 543 1022 629 conquiescam
1043 562 1144 628 neque

66 640 257 728 defatigabor
278 653 358 722 ante,
381 665 474 731 qnam
495 646 621 713 illorum
643 647 789 732 ancipites
811 646 876 712 vias
898 645 1092 730 rationesque
1114 654 1144 709 et

66 764 124 828 pro
147 745 291 812 omnibns
313 756 343 812 et
364 758 469 814 contra
490 749 594 814 omnia
616 749 791 834 disputandi
814 767 988 836 percepere.

110 847 189 914 Tum
212 847 334 916 Caesar:
358 849 469 928 Unum,
492 851 602 937 iuquit,
626 873 676 917 me
698 873 736 917 ex
758 863 810 918 tuo
832 871 974 918 sermone
997 849 1142 927 maxime,
1170 870 1221 926 146

67 947 184 1028 Crasse,
207 953 380 1031 commovit,
404 953 485 1039 qnod
508 974 579 1021 eum
602 954 727 1041 negasti,
751 955 803 1040 qui
829 975 892 1020 non
917 954 974 1019 cito
1000 952 1074 1039 quid
1100 951 1143 1017 di-

68 1053 204 1131 dicisset,
226 1047 364 1141 unquam
391 1057 517 1123 omnino
538 1078 627 1144 posse
648 1058 835 1144 perdiscere;
858 1068 892 1125 ut
917 1056 994 1122 mihi
1019 1055 1143 1121 nonsit

67 1150 192 1218 difficile
213 1153 379 1238 periclitari
402 1165 432 1220 et
453 1165 506 1221 ant
528 1155 629 1225 statim
643 1155 802 1242 percipere
817 1156 882 1234 ista,
899 1177 977 1242 quae
993 1166 1025 1223 tu
1041 1154 1143 1222 verbis

67 1252 105 1318 ad
126 1256 247 1320 caelum
268 1256 417 1335 extulisti,
441 1267 502 1335 aut,
525 1258 550 1323 si
572 1278 635 1323 uon
658 1258 824 1344 potuerim,
848 1268 969 1343 tempus
991 1278 1054 1323 non
1075 1278 1143 1344 per-

67 1356 149 1436 dere,
173 1379 243 1425 cum
267 1369 369 1427 tamen
393 1361 440 1426 his
455 1362 567 1427 nostris
581 1362 696 1448 possim
713 1381 778 1426 esse
793 1370 960 1426 eorrtentus.
1005 1359 1057 1424 llic
1077 1360 1142 1425 Sul·
1169 1383 1219 1437 147

67 1460 179 1545 picius:
195 1461 255 1549 Ego
266 1483 349 1542 vero,
362 1464 472 1550 inquit,
485 1464 601 1542 Crasse,
616 1484 717 1550 neque
729 1464 918 1528 Aristotelem
934 1463 1026 1527 istum
1041 1481 1142 1546 neque

68 1561 257 1632 Carneadem
279 1586 335 1632 nec
355 1567 611 1654 philosophorum
634 1586 820 1652 quemquam
842 1565 995 1642 desidero,
1019 1566 1068 1629 vel
1092 1583 1141 1630 me

67 1667 136 1734 licet
157 1667 314 1734 existimes
336 1669 499 1755 desperare
521 1670 577 1735 ista
599 1689 687 1755 posse
713 1667 886 1754 perdiscere
912 1668 971 1745 rel,
999 1667 1030 1733 id
1059 1666 1142 1751 quod

68 1770 152 1848 lario,
175 1779 380 1837 contemnere.
404 1772 477 1837 Mihi
502 1792 607 1838 rerum
623 1772 791 1837 forensium
806 1780 836 1836 et
850 1761 1060 1836 communium
1076 1769 1140 1834 rul-

67 1874 146 1959 garis
169 1873 245 1938 haec
266 1875 395 1960 cognitio
417 1875 489 1940 satis
511 1895 622 1960 magua
640 1885 685 1939 est
700 1874 738 1940 ad
753 1894 830 1952 eam,
847 1894 939 1959 quam
955 1883 1065 1959 specto,
1081 1872 1141 1938 elo-

66 1975 238 2060 quentiam;
262 1995 298 2042 ex
322 1997 381 2062 qua
402 1977 469 2064 ipsa
492 1987 595 2043 tamen
617 1978 772 2062 permulta
787 1977 901 2056 nescio;
918 1996 996 2062 quae
1011 1986 1076 2042 turn
1092 1975 1141 2041 de-

65 2077 170 2163 nique,
194 2098 263 2151 cum
285 2099 373 2145 cansa
395 2081 511 2166 aliqua,
536 2100 613 2165 quae
636 2101 654 2144 a
675 2100 725 2145 me
747 2079 875 2145 dicenda
898 2089 951 2155 est,
976 2077 1138 2155 desiderat,

64 2200 189 2265 quaero.
214 2179 312 2264 Quam
334 2182 373 2248 ob
397 2202 472 2259 rem,
496 2182 554 2246 nisi
579 2181 655 2246 t'orte
677 2202 710 2246 es
739 2181 800 2246 iam
826 2180 961 2246 defessus
983 2188 1013 2244 et
1035 2178 1059 2243 si
1085 2179 1137 2243 tibi

63 2302 128 2348 non
150 2302 259 2369 graves
281 2303 396 2362 sumus,
419 2284 500 2349 refer
521 2283 560 2349 ad
583 2283 635 2348 illa
660 2293 696 2360 te,
720 2303 798 2368 quae
820 2282 858 2347 ad
881 2281 975 2366 ipsius
993 2279 1140 2345 orationis

63 2385 188 2451 laudem
204 2385 460 2472 splendoremque
474 2386 647 2472 pertinent3
663 2406 741 2471 quae
756 2406 810 2472 ego
825 2405 863 2449 ex
878 2394 908 2449 te
923 2382 1030 2449 audire
1045 2385 1139 2461 volui,

62 2724 91 2732 -
106 2712 294 2746 consumere
313 2703 460 2752 aetatem,
483 2703 539 2744 soti.
559 2700 587 2744 in
608 2699 763 2752 Academia,
782 2697 827 2744 ohe
848 2697 937 2752 hegla
957 2697 1106 2744 richiomata
1126 2712 1141 2744 a

64 2769 192 2826 principio
207 2769 247 2815 del
262 2769 365 2825 periodo
382 2783 428 2815 oon
450 2771 472 2814 le
493 2770 579 2824 parole
602 2770 710 2825 Inqna.
726 2770 834 2825 -sed,
857 2771 987 2815 etiamsi
1007 2771 1072 2821 (hoc)
1093 2775 1140 2816 est

63 2842 243 2897 aliquanta
266 2842 410 2896 spissius
429 2859 455 2876 =
475 2855 522 2896 ma,
536 2854 563 2885 se
584 2840 622 2886 cii)
642 2842 669 2892 til
689 2841 868 2896 comprendere
889 2845 952 2887 tutte
976 2841 1058 2896 quelle
1082 2855 1140 2888 cose

63 2913 101 2958 col
124 2911 178 2957 solo
192 2911 301 2962 vaderle)
322 2911 388 2957 losse
410 2911 528 2965 alquanto
549 2910 594 2965 piir
615 2910 770 2965 malagevole
786 2911 810 2955 di
826 2916 918 2965 quanto
933 2924 1002 2966 pare.
1016 2935 1043 2942 -
1060 2915 1141 2957 nnci-

62 2996 162 3038 qaam
187 2983 412 3038 conquiescam
430 2995 528 3037 neqne
554 2982 766 3037 defatipabor
783 3000 809 3017 =
825 2995 874 3025 non
888 2982 920 3026 mi
943 2980 1003 3026 dard
1024 2996 1087 3035 paco
1109 2983 1140 3026 ni·

61 3057 160 3106 tregua.
173 3075 200 3084 -
215 3052 377 3108 ancipites
396 3053 465 3097 aias
485 3052 627 3106 espiegato
644 3051 710 3096 dalle
732 3051 819 3105 parole
841 3051 885 3095 che
905 3063 1028 3103 seguono:
1044 3056 1068 3095 et
1088 3065 1141 3105 pro

62 3125 185 3171 omnibns
199 3127 224 3169 et
238 3128 330 3169 contra
345 3124 442 3168 emnia.

131 3240 203 3284 14⁶.
225 3252 307 3285 me...
325 3239 499 3293 commovit,
518 3238 550 3282 mi
565 3238 597 3282 ha
612 3237 674 3282 fatto
689 3237 780 3281 eil'etto.
798 3259 825 3266 —
846 3236 1019 3280 didicisset
1037 3251 1141 3292 ...per-

64 3309 275 3356 discordante
289 3308 421 3353 differenza
436 3314 487 3354 tra:
509 3308 626 3354 studiarsi
646 3308 671 3352 di
686 3307 842 3361 apprendere
856 3308 973 3357 (discere)
988 3321 1001 3351 s
1015 3306 1140 3363 impurare

64 3381 114 3425 alla
127 3380 270 3435 psrfszione
279 3380 454 3436 (perdiscere).
468 3380 699 3435 -periclitari
714 3397 739 3414 =
755 3383 857 3423 tentare.
871 3402 897 3408 -
911 3378 963 3422 liis
979 3381 1087 3424 nestri
1092 3393 1105 3424 s
1115 3399 1141 3416 =

65 3451 89 3495 di
103 3454 193 3506 questa
208 3455 292 3497 nostra
307 3450 416 3496 dottrina
431 3451 574 3496 domestica.

123 3571 196 3616 147.
210 3570 422 3615 Aristotelem
437 3570 542 3622 istam,
556 3568 657 3615 codesto
668 3568 874 3620 (tuo)Ariatotile.
889 3590 916 3599 -
933 3567 1139 3631 Carneadem,

64 3655 85 3687 v.
99 3646 112 3696 d
125 3643 160 3688 68.
173 3644 207 3696 71,
222 3643 255 3686 80.
273 3664 300 3672 -
320 3640 479 3694 desidero,
493 3653 541 3684 non
560 3640 628 3685 vals:
643 3639 772 3694 desidero,
790 3653 844 3684 me:
858 3638 891 3683 mi
906 3651 973 3692 curo,
986 3638 1019 3684 mi
1035 3639 1066 3686 do
1080 3655 1141 3695 pen-

65 3713 129 3760 siero
151 3712 227 3759 di...
255 3736 281 3743 -
299 3711 348 3756 ael
370 3724 416 3754 me
438 3712 513 3755 iicet
537 3712 703 3756 existimes
721 3730 747 3748 =
766 3711 805 3755 cel
822 3711 881 3756 licet
902 3711 1034 3756 existimes
1053 3726 1106 3766 me,
1127 3727 1140 3757 e

65 3781 161 3828 lascerd
175 3781 221 3826 che
236 3785 262 3827 tu
276 3780 351 3826 creda
373 3780 418 3825 cho
440 3781 501 3828 io...
518 3781 592 3825 -id
614 3782 698 3836 qnod
718 3782 807 3836 facio
821 3800 847 3817 =
861 3781 879 3826 il
901 3781 945 3826 che
968 3781 980 3825 e
1002 3781 1020 3825 il
1034 3796 1100 3827 raro.
1115 3805 1141 3812 -

63 3855 148 3900 satis
164 3865 291 3908 maana,
307 3851 449 3898 sufficiente.
464 3875 489 3884 -
509 3864 543 3896 en
562 3865 636 3908 qna,
654 3852 763 3908 ipallags
782 3865 827 3907 per
846 3866 876 3898 en
895 3854 990 3909 quibas
1004 3852 1102 3902 (Sorai).
1115 3875 1140 3882 —
