2526 4246
253 152 297 192 nu
314 151 460 193 onaronn
478 153 539 192 nrn.
558 153 581 207 1,
601 152 670 195 cnr.
690 154 821 202 xrx-xx,
841 154 929 202 cac-ot
1095 137 1129 191 tt

52 259 133 323 clare
146 257 264 344 scripta
278 258 483 344 pronuntians
498 258 623 325 docebat
645 258 733 324 illum
756 258 789 323 in
804 258 915 323 animis
930 260 978 325 vel
994 257 1129 324 iudicum

53 361 101 426 vel
122 361 233 447 populi
250 360 283 425 in
308 380 431 427 omnem
446 370 566 447 partem
581 361 710 427 dicendo
726 361 945 447 permovendis
959 381 1022 427 non
1037 360 1130 428 fuisse

53 464 205 549 ignarum,
223 463 337 549 quibus
351 484 386 529 ea
401 463 493 529 rebus
508 473 754 549 consequeretur,
767 484 844 550 quae
856 474 981 550 negaret
996 464 1049 529 ille
1063 463 1130 531 sine

52 566 252 652 philosophia
274 586 459 652 quamquam
482 586 571 634 nosse
592 587 689 653 posse.

94 669 176 736 XX,
191 669 271 736 Huic
281 669 485 755 respondebat
496 690 557 735 non
569 669 966 756 senegarellemosthenem
978 689 1130 734 summam
1156 680 1190 734 89

54 772 255 858 prudentiam
278 791 492 857 summamque
512 773 576 837 vim
600 773 742 839 habuisse
764 772 894 849 dicendi,
917 772 971 838 sed
994 771 1058 837 sive
1078 772 1130 837 ille

57 875 108 942 hoc
121 875 252 962 ingenio
263 873 411 960 potuisset
425 874 499 952 sive,
512 875 543 941 id
560 876 641 961 quod
653 886 814 953 constaret,
831 875 964 942 Platonis
979 875 1130 941 studiosus

56 977 197 1045 audiendi
215 977 334 1054 suisset,
353 997 415 1043 non
431 977 506 1062 quid
521 978 574 1044 ille
588 978 745 1063 potuisset,
764 978 817 1044 sed
833 979 906 1063 quid
922 979 970 1043 isti
987 978 1131 1044 docerent

56 1102 116 1148 esse
130 1078 359 1167 quaerendum.
404 1079 501 1166 Saepe
515 1080 608 1146 etiam
623 1081 656 1145 in
672 1101 740 1147 eam
755 1091 874 1167 partem
898 1081 1051 1147 terebatur
1066 1101 1130 1145 ora·
1156 1089 1190 1142 dt

57 1186 143 1262 tione,
159 1194 197 1251 ut
211 1183 343 1249 omnino
357 1183 526 1269 disputaret
548 1186 666 1250 nullam
682 1193 780 1249 artem
798 1203 863 1249 esse
885 1184 1022 1260 dioendi;
1039 1184 1130 1268 idque

57 1307 120 1353 cum
141 1286 338 1375 argumentis
359 1286 510 1360 docuerat,
534 1286 615 1372 quod
637 1287 679 1352 ita
702 1287 764 1351 nati
787 1292 931 1364 essemus,
954 1298 987 1353 ut
1002 1298 1031 1352 et
1047 1288 1130 1352 blan·

57 1390 110 1456 diri
133 1391 319 1477 suppliciter
341 1399 371 1455 et
392 1390 544 1456 subtiliter
565 1391 724 1456 insinuare
746 1390 792 1467 iis,
816 1411 833 1455 a
856 1390 966 1475 quibus
988 1401 1066 1455 esset
1080 1411 1131 1476 pe

57 1494 190 1572 tendum,
219 1503 252 1559 et
278 1491 467 1559 adversarios
494 1493 654 1558 minaciter
680 1503 797 1558 terrere
823 1513 980 1579 possemus
1007 1504 1037 1558 et
1064 1514 1130 1559 rem

56 1608 167 1683 gestam
189 1615 349 1682 exponere
371 1606 401 1661 et
422 1596 453 1660 id
471 1597 552 1681 quod
568 1596 807 1673 intenderemus
831 1596 1013 1661 confirmare
1036 1606 1066 1661 et
1088 1596 1129 1674 id,

56 1701 134 1784 quod
160 1709 271 1767 contra
298 1699 458 1776 diceretur,
483 1700 623 1766 refellere
650 1712 679 1765 et
707 1699 744 1764 ad
771 1712 943 1765 extremum
973 1699 1129 1785 deprecari

29 1860 32 1865 .
55 1801 170 1888 aliquid
186 1811 218 1867 et
233 1801 390 1886 conqueri,
406 1801 517 1886 quihus
529 1802 561 1866 in
573 1801 665 1866 rebus
677 1801 777 1866 omnis
789 1812 944 1867 oratorum
957 1813 1131 1868 versaretur

57 1905 191 1981 facultas,
208 1914 240 1969 et
255 1903 337 1988 quod
352 1905 538 1970 consuetudo
553 1904 788 1989 exercitatioque
803 1915 833 1970 et
849 1904 1044 1990 intellegendi
1060 1925 1131 1989 pru-

55 2008 193 2073 dentiam
208 2015 332 2072 acueret
346 2016 376 2071 et
391 2005 554 2091 eloquendi
571 2006 756 2071 celeritatem
772 2008 930 2083 incitaret;
955 2018 1020 2072 tum
1039 2008 1131 2072 etiam

53 2112 271 2195 exemplorum
285 2109 371 2193 copia
383 2109 547 2174 nitebatur.
594 2108 669 2173 Nam
681 2109 817 2193 primum
829 2111 913 2194 quasi
927 2110 1028 2175 dedita
1040 2131 1133 2195 opera
1160 2154 1169 2169 ι

55 2213 215 2278 neminem
242 2211 421 2295 scriptorem
448 2211 522 2275 artis
552 2231 595 2276 ne·
618 2210 811 2277 mediocriter
833 2213 956 2297 quidem
984 2214 1132 2279 disertum

55 2315 150 2380 luisse
177 2314 307 2391 dicebat,
330 2334 399 2379 cum
421 2323 575 2401 repeteret
597 2335 692 2400 usque
715 2336 732 2379 a
759 2316 867 2382 Corace
895 2317 994 2382 nescio
1021 2337 1081 2402 quc
1104 2327 1133 2381 ot

54 2417 147 2495 lisia,
163 2438 239 2503 quos
253 2417 328 2482 artis
344 2417 426 2483 illius
446 2418 623 2482 inventores
638 2428 668 2482 et
689 2418 843 2505 principes
862 2420 953 2486 luisse
968 2429 1130 2497 constaret3

55 2631 129 2674 sieno
139 2628 375 2684 parisillabi‚hcnno
385 2628 425 2672 nel
436 2641 491 2680 gen.
501 2630 569 2673 tauto
585 2628 614 2679 is,
631 2634 723 2681 quanto
740 2629 755 2672 ι’.
769 2651 795 2659 —
810 2630 926 2682 quibas
945 2642 980 2673 aa
998 2630 1091 2674 rabac
1107 2650 1134 2663 =

54 2702 153 2757 quibus
166 2702 244 2746 rebus
258 2704 314 2750 (con
328 2699 396 2753 quali
412 2699 496 2749 mezzi)
511 2712 551 2745 aa.
560 2734 578 2744 ..
928 2718 930 2722 ·

99 2784 354 2837 (maxx-89.
365 2783 467 2829 sico...
480 2783 654 2836 potuisset,
671 2785 773 2829 ciue...
785 2782 972 2835 fnissetCon
983 2785 1134 2828 siue-siue

56 2855 107 2900 ledi
125 2856 209 2908 regola
223 2854 328 2906 l'indic.,
341 2852 447 2897 loddove
461 2852 486 2897 in
501 2852 553 2896 ital.
566 2854 608 2896 cia
623 2853 668 2896 clue
682 2854 764 2897 —oia
779 2855 823 2897 che
838 2853 871 2897 hu
885 2853 901 2897 il
917 2866 999 2906 congr
1013 2854 1036 2897 in
1057 2855 1133 2898 latino

56 2926 152 2971 trovasi
166 2927 208 2980 qui
220 2926 237 2970 il
247 2939 326 2978 cong„
334 2923 425 2979 perche
437 2925 453 2968 il
465 2923 575 2968 discorso
587 2923 600 2966 ὸ
611 2922 734 2967 indit-etto.
748 2947 774 2955 —
790 2925 944 2969 Platonis
965 2926 1133 2969 studiosus

55 3012 73 3042 α
82 2996 223 3041 natandi.
237 2996 285 3040 Per
300 2995 434 3048 intendere,
447 2995 507 3049 puoi
520 2994 635 3038 ordinare
646 2993 708 3038 cosi:
722 2997 858 3040 studiosas
868 2996 993 3040 audiendi
1004 2995 1134 3040 Platonis.

55 3068 110 3114 (lhe
125 3068 279 3120 Demostene,
294 3066 476 3120 giovanissimo,
490 3078 577 3110 cresse
593 3064 750 3117 frequentata
768 3066 936 3111 l’Accademia
950 3080 995 3119 per
1010 3066 1065 3109 udir
1081 3066 1134 3110 Plu·

57 3144 133 3191 tone,
145 3152 193 3183 nou
209 3139 222 3183 e
237 3142 312 3182 certo.
948 3136 951 3140 '

127 3223 178 3267 00.
195 3222 322 3266 omnino
345 3221 549 3275 disputaret,
563 3232 613 3263 ecc.
628 3218 720 3264 Ordine
734 3219 799 3265 cosl:
818 3224 848 3265 at
865 3222 1013 3274 disputaret
1029 3221 1135 3264 rorallum

58 3294 164 3338 omnino
179 3306 233 3337 csso
248 3295 335 3338 artem
345 3293 487 3337 dicendi-
503 3291 706 3344 ornamentis
729 3292 882 3335 docuerat
895 3311 922 3324 ε-
937 3304 1015 3334 avevu
1030 3297 1134 3344 proruto

58 3377 106 3408 con
120 3364 222 3416 regioni.
236 3387 263 3394 —
277 3363 452 3408 insinuare
475 3363 525 3406 iis.
541 3362 685 3406 Insinuare
699 3363 737 3405 col
753 3362 802 3406 dat.
818 3362 841 3406 di
863 3374 970 3415 persona
991 3362 1059 3406 vale:
1074 3378 1134 3416 gua-

59 3434 175 3487 dcgnarsi
191 3436 287 3480 alcano.
308 3457 334 3465 -
356 3437 422 3478 tam
443 3435 541 3478 etlam
562 3433 782 3487 eremplornm
804 3433 899 3486 copia
920 3432 1090 3478 nitebatur
1109 3454 1135 3468 -

59 3504 218 3550 conformare
231 3505 273 3558 poi
289 3504 296 3548 i
311 3505 364 3549 suoi
381 3505 440 3549 detti
456 3504 533 3549 unche
546 3518 591 3549 oon
606 3517 667 3558 gron
683 3503 756 3556 copia
771 3503 794 3547 di
812 3501 912 3555 csempi.

126 3594 175 3638 ot.
191 3594 302 3638 dedita
323 3606 420 3648 opera
435 3614 460 3626 =
475 3607 505 3637 eac
519 3594 663 3645 industria,
673 3607 686 3635 c
698 3591 763 3636 bello
775 3591 872 3646 studio;
886 3591 902 3634 il
917 3589 1020 3634 chonon
1037 3593 1050 3636 ὸ
1065 3607 1136 3638 voro:

62 3663 124 3708 bauti
140 3664 266 3709 ricordare
281 3663 381 3717 Gorgia,
392 3664 508 3717 Isocrate,
517 3664 664 3716 Protagora,
672 3661 801 3707 Teofrnsto
817 3661 847 3705 ed
862 3661 925 3704 altri.
939 3684 965 3690 —
980 3673 997 3703 a
1019 3662 1137 3708 (loraco

62 3735 168 3778 treacle
188 3747 248 3789 qao
269 3738 297 3778 ct
322 3734 420 3779 Tisia.
441 3734 533 3779 Corace
548 3748 561 3779 e
577 3735 644 3779 'lisia
659 3732 745 3777 furano
761 3731 921 3777 antichissimi
936 3730 1043 3777 scrittori
1060 3735 1084 3778 ‹li
1100 3749 1137 3779 re·

63 3805 154 3858 toricc,
172 3804 294 3850 Siciliuni:
314 3806 332 3850 il
355 3809 378 3850 1⁰
393 3804 471 3850 amieo
494 3805 518 3849 di
541 3805 646 3858 Gerana,
665 3803 753 3848 vivero
773 3803 814 3847 nel
835 3805 874 3846 tto
890 3799 1136 3853 a.c.;i120tusuo

10 3886 13 3895 ¹
64 3874 196 3930 discepolo.
217 3875 364 3922 Costruicoi:
379 3889 397 3920 a
411 3877 495 3920 nascio
515 3889 565 3931 qao
589 3875 685 3922 Ocrare
705 3894 733 3908 -
755 3873 837 3921 daun
853 3886 905 3919 non
918 3884 946 3917 so
961 3871 1025 3925 auct
1036 3874 1151 3928 motuum,
