2526 4246
129 139 180 192 300
495 158 530 196 ar.
548 157 654 204 uuum
673 155 837 198 creasoms

130 260 308 337 meministi,
330 263 429 329 ullum
453 281 590 347 unquam
614 244 757 328 habuisse
778 261 947 347 sepositum
971 258 1121 348 tempusad
1134 256 1162 321 di·

130 363 275 430 sceudum
303 385 336 429 ac
362 374 482 429 tantum
509 363 652 430 tribuisse
678 363 833 429 doctrinae
859 364 1026 450 temporis,
1050 371 1166 450 quantun

130 466 208 530 mibi
230 467 358 552 puerilis
380 477 471 544 aetas,
494 467 630 533 forenses
651 466 745 533 feriae
766 467 982 545 concesserint.

64 574 104 630 86
172 568 316 635 XXllI.
341 571 388 647 bc,
411 569 436 634 si
455 570 587 655 quaeris,
610 568 724 647 Catule,
747 569 785 636 de
807 568 948 635 doctrina
970 569 1026 636 ista
1047 567 1112 654 quid
1134 585 1172 652 epo

130 672 270 745 seutiam,
294 692 356 737 non
379 682 499 738 tantum
521 670 678 759 ingenioso
702 669 825 737 homini·
843 681 875 738 et
896 672 935 750 ei,
953 673 1005 758 qui
1024 668 1175 755 sommqui

130 774 256 851 curiam,
279 775 332 860 qui
354 795 467 851 causas,
491 773 544 860 qui
566 794 633 840 rem
655 773 809 860 publicam
832 785 958 860 spectet,
981 795 1056 861 opus
1076 794 1177 840 essear·

130 876 227 940 bitror
249 877 404 962 temporis,
429 886 578 962 quantum
601 875 658 942 sibi
681 876 702 941 ii
725 887 935 962 sumpserunt,
959 898 1034 963 quos
1055 876 1178 942 discentes

130 979 190 1042 rita
214 978 330 1044 deiecit.
361 978 477 1045 Omnes
498 979 584 1045 enim
606 988 686 1044 artes
708 979 797 1045 aliter
819 978 858 1044 ab
881 978 919 1044 iis
945 990 1122 1057 tractantur,
1141 977 1179 1064 qui

129 1079 240 1144 cased
263 1101 352 1146 usum
375 1082 577 1162 translemnt;
608 1080 697 1148 aliter
719 1082 758 1147 ab
780 1080 827 1158 iis,
850 1081 903 1167 qui
931 1080 1070 1168 ipsarum
1090 1080 1180 1147 artium

130 1191 257 1247 tractatu
279 1183 418 1248 delectati
442 1184 519 1248 nihil
545 1184 577 1249 in
600 1184 662 1249 vita
678 1193 749 1249 sunt
763 1182 847 1249 aliud
863 1184 971 1250 acturi.
995 1183 1130 1272 Magister
1147 1183 1180 1247 bic

130 1284 314 1351 Samnitium
338 1307 457 1352 summa
480 1287 541 1351 iarn
564 1296 718 1352 senectute
732 1295 778 1363 est
793 1295 824 1351 et
837 1285 948 1352 cotidie
963 1296 1180 1362 commentatur:

130 1388 207 1453 nihil
232 1388 315 1454 enim
337 1400 422 1483 curat
444 1389 536 1455 aliud.
560 1389 597 1453 dt
612 1389 646 1472 Q.
663 1387 801 1454 Velocius
822 1409 901 1474 puer
915 1387 1178 1470 addidicerat;sed

128 1492 210 1578 quod
233 1502 298 1558 erat
320 1503 409 1577 aptus
431 1493 469 1557 ad
492 1492 569 1558 illud
585 1502 743 1578 totumque
758 1502 910 1579 cognorat,
927 1493 996 1571 fuit,
1012 1505 1047 1560 ut
1064 1502 1108 1571 est
1120 1490 1180 1578 aput

129 1596 286 1673 lmeiliurrr,

598 1716 741 1800 quemuis
764 1713 862 1779 docos
885 1716 950 1798 ipse

256 1815 384 1881 Soractis
406 1819 440 1882 io
463 1818 537 1881 iudo
560 1816 751 1882 decadibus
773 1818 871 1881 cuivis
892 1819 975 1883 sotis*
991 1839 1099 1904 aspen

129 1969 183 2035 sed
205 1971 275 2055 plus
297 1991 408 2056 operae
431 1972 495 2037 loro
518 1970 681 2047 tribuebat,
698 1970 812 2048 amicis,
831 1973 876 2038 rei
892 1973 1048 2039 familiari.
1065 1972 1178 2039 Valeriu

131 2169 434 2176 ———.-.-.---

128 2288 184 2333 vadi
199 2289 208 2340 ἓ
222 2290 248 2332 78
263 2291 321 2332 nota
335 2302 362 2332 a:
376 2300 434 2331 com
449 2285 578 2330 Panaetio
592 2285 664 2329 viarii.
679 2285 899 2341 -sepositum
912 2304 938 2322 =
953 2291 1026 2340 posto
1046 2286 1078 2332 da
1096 2292 1164 2342 parte

128 2359 214 2412 quindi
230 2358 351 2403 destinato
367 2370 412 2412 per
421 2371 471 2401 una
485 2369 550 2401 cosa.
564 2379 589 2386 -
604 2359 733 2400 tantam
743 2369 820 2409 regga
834 2357 969 2411 temporis.

171 2473 244 2525 cap.
261 2471 391 2516 xxm.
408 2495 430 2501 —
447 2471 499 2514 86.
516 2472 644 2513 tantum
658 2480 735 2523 regga
750 2483 797 2523 pur
812 2481 868 2514 esso
879 2469 895 2514 il
907 2474 1028 2523 saguente
1039 2471 1177 2526 temporis.-

128 2557 205 2598 qccos
230 2544 385 2587 discentes
408 2542 476 2585 vita
500 2540 619 2589 defecit
637 2557 663 2576 =
680 2539 721 2583 cui
740 2540 1020 2596 vennemenolavita,
1040 2545 1133 2593 mentre
1151 2546 1176 2585 stt

129 2615 242 2667 diavano,
256 2611 309 2656 ciob
324 2612 368 2657 che
383 2611 464 2666 prima
482 2624 598 2655 cessaron
614 2610 638 2654 di
653 2609 745 2665 vivere,
764 2610 808 2656 che
829 2609 854 2654 di
869 2610 988 2656 studiare.
1007 2636 1034 2643 -
1053 2613 1094 2657 ad
1113 2624 1176 2657 asur

128 2703 154 2719 -·
164 2682 327 2737 allapratico.
337 2706 363 2713 -
378 2685 526 2727 tractatu
542 2680 648 2734 dipende
660 2679 691 2723 du
702 2681 865 2726 delectati—
878 2681 966 2726 nibil
982 2683 1022 2726 im
1038 2683 1111 2728 'vita
1130 2694 1175 2726 sur

128 2754 223 2802 aliud
243 2753 362 2796 acturi.
376 2752 493 2795 bocauna
512 2765 527 2795 a
547 2750 587 2795 chi
605 2748 720 2804 professa
739 2752 764 2796 la
785 2750 885 2796 scianza
903 2763 950 2804 par
968 2752 994 2804 la
1008 2753 1115 2806 sciense,
1131 2763 1175 2797 senc

129 2825 198 2868 farne
213 2823 237 2867 in
252 2823 316 2866 tutta
331 2822 355 2865 la
368 2822 421 2866 vita
435 2823 508 2866 alcun
526 2835 571 2866 uso
581 2821 687 2875 pratico·
702 2821 751 2867 Cic.
767 2821 843 2875 opina
858 2820 955 2875 giusto:
970 2822 1034 2868 altro
1048 2822 1162 2867 indirizzo

130 2894 193 2939 studi
205 2891 305 2947 seguirb
314 2891 353 2936 chi
363 2905 392 2937 ne
404 2892 465 2936 deve
476 2892 528 2937 fore
539 2890 711 2946 applicaziona
721 2892 840 2945 praticae
850 2892 908 2936 vuol
919 2893 1059 2938 servirsene
1069 2907 1116 2948 per
1125 2894 1174 2937 l'ese

127 2965 190 3010 cizic
205 2965 269 3009 delle
283 2963 444 3018 professioni,
460 2963 523 3007 altro
539 2962 578 3006 chi
593 2962 684 3007 coltiva
698 2963 723 3006 la
739 2963 838 3008 scienza
852 2974 922 3016 pura,
935 2976 982 3017 per
997 2963 1051 3008 solo
1067 2976 1148 3008 amora
1162 2960 1173 3004 d

128 3050 194 3081 vcro.
208 3036 279 3089 Dopo
289 3035 351 3081 tanti
366 3034 450 3086 secoli,
464 3033 522 3087 oggi
537 3047 585 3078 non
595 3033 652 3077 tutti
663 3033 780 3077 intendon
790 3032 853 3078 bane
865 3035 954 3086 questa
965 3033 1122 3088 distincione,
1131 3033 1173 3083 n'et

127 3107 202 3159 studi,
220 3106 396 3160 specialmente
411 3103 581 3157 universitati,
594 3116 654 3148 sono
670 3116 760 3147 ancora
775 3101 882 3147 ordinati
897 3101 931 3147 da
945 3103 987 3148 noi
1002 3103 1028 3148 in
1042 3103 1172 3154 maaianai

128 3176 323 3221 tenercontodo’
331 3175 377 3219 due
387 3173 496 3218 indirizzi
506 3185 518 3217 e
528 3173 552 3216 di
562 3172 603 3217 fini
612 3178 680 3217 tanto
689 3173 787 3217 diversi.
797 3196 823 3203 -
833 3171 865 3216 M
868 3185 884 3216 a
889 3173 995 3227 pistor
1013 3174 1065 3218 hic
1084 3172 1171 3218 Saron

128 3249 250 3293 ticin...
275 3247 311 3291 At
329 3246 355 3300 Q.
375 3245 493 3290 Velocius
509 3257 579 3299 puer
597 3244 770 3288 addidiceret.
788 3242 835 3297 Qui
853 3243 927 3297 parla
942 3243 967 3287 di
982 3243 1031 3289 due
1046 3241 1171 3290 schermidt

125 3318 269 3368 (Santnites
279 3330 338 3361 sono
354 3315 516 3368 igladlatori3
530 3315 717 3368 v.11,325),uno
733 3313 770 3358 de'
782 3313 857 3368 quali,
872 3313 889 3357 il
903 3315 1039 3369 mapister,
1052 3329 1101 3360 non
1116 3318 1170 3359 s'occ

127 3403 192 3442 pava
202 3387 246 3432 che
257 3387 367 3431 dell’arte
383 3386 536 3439 sua31'altro,
547 3385 574 3438 Q.
584 3378 693 3438 Velocio,
704 3387 768 3429 tutto
784 3384 828 3429 che
838 3384 937 3428 valente
948 3384 974 3428 in
989 3385 1128 3439 quell'arte,
1136 3395 1169 3438 pu

129 3472 176 3503 non
186 3462 331 3502 trascurava
342 3457 366 3501 di
376 3456 492 3501 assistere
504 3456 551 3500 alle
562 3468 644 3509 cause,
653 3454 677 3498 di
688 3455 780 3499 badsre
792 3455 843 3508 agli
854 3455 924 3500 affari
935 3454 1073 3509 domestici,
1081 3468 1129 3500 acc.
1140 3476 1161 3484 -

127 3528 254 3573 cotidie.
268 3527 315 3580 Qui
331 3533 354 3572 et
368 3529 438 3572 vale:
453 3542 466 3571 e
481 3527 670 3572 nondimeno-
682 3527 932 3579 Lucilium-Lib.
946 3549 973 3557 —-
988 3527 1168 3571 benusacoor

128 3611 174 3642 con
188 3598 304 3642 Samnis.
318 3620 345 3628 -
358 3597 466 3642 Sarranis
482 3583 557 3642 atabl
572 3611 605 3640 un
620 3600 741 3640 esauratro
757 3610 802 3641 oon
817 3609 905 3641 casura
920 3595 1085 3648 eftemimera;
1100 3593 1168 3641 cuivis

129 3667 244 3712 bisillabo
259 3666 351 3718 (Cima).
365 3689 391 3698 -
410 3669 555 3713 redibas.
577 3666 633 3712 Oosl
648 3667 758 3711 diccvasi
773 3681 806 3711 un
821 3679 908 3725 arnese
924 3665 955 3710 da
969 3667 1103 3725 gladiatori
1117 3662 1165 3710 did

128 3738 223 3793 specie:
238 3737 366 3791 l'uno,una
381 3739 463 3791 specie
479 3738 503 3782 di
517 3752 594 3791 verga
604 3737 649 3782 che
664 3736 750 3781 davasi
761 3737 783 3782 ai
795 3737 928 3791 gladiatori
940 3737 965 3782 in
979 3750 1056 3792 scano
1071 3736 1135 3782 della
1147 3735 1167 3778 lo

123 3809 249 3866 completa
267 3806 419 3855 liberaziono
435 3809 506 3861 (oudo
523 3810 547 3854 la
565 3809 630 3853 irase
647 3810 714 3853 rude
736 3809 863 3852 donatum
884 3821 947 3862 esse,
968 3822 1029 3853 aver
1047 3807 1164 3862 compluto

110 3885 223 3931 servizio
236 3881 361 3936 militare)
380 3898 393 3930 e
413 3882 494 3930 ancha
517 3881 586 3928 della
603 3879 748 3936 perleulone
760 3878 895 3931 ragglunta
905 3878 1016 3922 aetuans
1029 3879 1097 3931 loro;
1114 3874 1166 3920 l’alb
