<?xml version="1.0" encoding="UTF-8"?>
<!DOCTYPE html PUBLIC "-//W3C//DTD XHTML 1.0 Transitional//EN"
    "http://www.w3.org/TR/xhtml1/DTD/xhtml1-transitional.dtd">
<html xmlns="http://www.w3.org/1999/xhtml" xml:lang="en" lang="en">
 <head>
  <title>
</title>
<meta http-equiv="Content-Type" content="text/html;charset=utf-8" />
  <meta name='ocr-system' content='tesseract 3.04.00' />
  <meta name='ocr-capabilities' content='ocr_page ocr_carea ocr_par ocr_line ocrx_word'/>
</head>
<body>
  <div class='ocr_page' id='page_1' title='image "./deoratorelibrit00firmgoog_0092.png"; bbox 0 0 2558 4236; ppageno 0'>
   <div class='ocr_carea' id='block_1_1' title="bbox 197 106 1131 176">
    <p class='ocr_par' dir='ltr' id='par_1_1' title="bbox 197 106 1131 176">
     <span class='ocr_line' id='line_1_1' title="bbox 197 106 1131 176; baseline -0.004 -13"><span class='ocrx_word' id='word_1_1' title='bbox 197 123 241 163; x_wconf 81' lang='lat' dir='ltr'><strong>nn</strong></span> <span class='ocrx_word' id='word_1_2' title='bbox 257 121 404 164; x_wconf 65' lang='lat' dir='ltr'><strong>onerose</strong></span> <span class='ocrx_word' id='word_1_3' title='bbox 420 122 483 162; x_wconf 79' lang='lat' dir='ltr'><strong>ms.</strong></span> <span class='ocrx_word' id='word_1_4' title='bbox 503 124 526 174; x_wconf 89' lang='lat'><strong>1,</strong></span> <span class='ocrx_word' id='word_1_5' title='bbox 545 121 612 162; x_wconf 76' lang='lat' dir='ltr'><strong>cur.</strong></span> <span class='ocrx_word' id='word_1_6' title='bbox 631 121 852 176; x_wconf 80' lang='lat' dir='ltr'><strong>xnvn-xuvnr,</strong></span> <span class='ocrx_word' id='word_1_7' title='bbox 871 121 989 172; x_wconf 67' lang='lat' dir='ltr'><strong>acor-mo</strong></span> <span class='ocrx_word' id='word_1_8' title='bbox 1097 106 1131 161; x_wconf 80' lang='lat'><strong>87</strong></span> 
     </span>
    </p>
   </div>
   <div class='ocr_carea' id='block_1_2' title="bbox 10 216 1206 2778">
    <p class='ocr_par' dir='ltr' id='par_1_2' title="bbox 43 216 1206 1442">
     <span class='ocr_line' id='line_1_2' title="bbox 44 216 1132 315; baseline -0.003 -22"><span class='ocrx_word' id='word_1_9' title='bbox 44 216 273 315; x_wconf 86' lang='lat' dir='ltr'><strong>disputatione,</strong></span> <span class='ocrx_word' id='word_1_10' title='bbox 288 225 369 312; x_wconf 94' lang='lat' dir='ltr'><strong>quod</strong></span> <span class='ocrx_word' id='word_1_11' title='bbox 384 225 558 292; x_wconf 90' lang='lat' dir='ltr'><strong>indicendo</strong></span> <span class='ocrx_word' id='word_1_12' title='bbox 573 227 658 302; x_wconf 91' lang='lat' dir='ltr'><strong>solet,</strong></span> <span class='ocrx_word' id='word_1_13' title='bbox 673 235 708 290; x_wconf 94' lang='lat' dir='ltr'><strong>ut</strong></span> <span class='ocrx_word' id='word_1_14' title='bbox 723 226 808 291; x_wconf 92' lang='lat' dir='ltr'><strong>nulla</strong></span> <span class='ocrx_word' id='word_1_15' title='bbox 822 234 1013 311; x_wconf 84' lang='lat' dir='ltr'><strong>exspectetur</strong></span> <span class='ocrx_word' id='word_1_16' title='bbox 1024 234 1132 290; x_wconf 90' lang='lat' dir='ltr'><strong>ornata</strong></span> 
     </span>
     <span class='ocr_line' id='line_1_3' title="bbox 46 327 1131 414; baseline -0.004 -18"><span class='ocrx_word' id='word_1_17' title='bbox 46 330 159 397; x_wconf 88' lang='lat' dir='ltr'><strong>oratio.</strong></span> <span class='ocrx_word' id='word_1_18' title='bbox 184 327 289 414; x_wconf 82' lang='lat' dir='ltr'>Neque</span> <span class='ocrx_word' id='word_1_19' title='bbox 310 329 394 394; x_wconf 92' lang='lat' dir='ltr'><strong>enim</strong></span> <span class='ocrx_word' id='word_1_20' title='bbox 423 348 492 394; x_wconf 93' lang='lat' dir='ltr'><strong>sum</strong></span> <span class='ocrx_word' id='word_1_21' title='bbox 521 327 560 394; x_wconf 92' lang='lat' dir='ltr'><strong>de</strong></span> <span class='ocrx_word' id='word_1_22' title='bbox 589 337 654 393; x_wconf 88' lang='lat' dir='ltr'><strong>arte</strong></span> <span class='ocrx_word' id='word_1_23' title='bbox 683 327 828 404; x_wconf 89' lang='lat' dir='ltr'><strong>dicturus,</strong></span> <span class='ocrx_word' id='word_1_24' title='bbox 851 347 944 412; x_wconf 92' lang='lat' dir='ltr'><strong>quam</strong></span> <span class='ocrx_word' id='word_1_25' title='bbox 972 346 1131 412; x_wconf 92' lang='lat' dir='ltr'><strong>nunquam</strong></span> 
     </span>
     <span class='ocr_line' id='line_1_4' title="bbox 45 430 1131 516; baseline -0.003 -19"><span class='ocrx_word' id='word_1_26' title='bbox 45 431 155 509; x_wconf 91' lang='lat' dir='ltr'><strong>didici,</strong></span> <span class='ocrx_word' id='word_1_27' title='bbox 179 431 234 498; x_wconf 90' lang='lat' dir='ltr'><strong>sed</strong></span> <span class='ocrx_word' id='word_1_28' title='bbox 255 431 385 497; x_wconf 89' lang='lat' dir='ltr'><strong>demea</strong></span> <span class='ocrx_word' id='word_1_29' title='bbox 406 430 644 509; x_wconf 89' lang='lat' dir='ltr'><strong>consuetudine;</strong></span> <span class='ocrx_word' id='word_1_30' title='bbox 669 431 795 516; x_wconf 93' lang='lat' dir='ltr'><strong>ipsaque</strong></span> <span class='ocrx_word' id='word_1_31' title='bbox 818 430 880 505; x_wconf 93' lang='lat' dir='ltr'><strong>illa,</strong></span> <span class='ocrx_word' id='word_1_32' title='bbox 904 450 982 515; x_wconf 93' lang='lat' dir='ltr'><strong>quae</strong></span> <span class='ocrx_word' id='word_1_33' title='bbox 1005 430 1037 494; x_wconf 94' lang='lat' dir='ltr'><strong>in</strong></span> <span class='ocrx_word' id='word_1_34' title='bbox 1052 449 1131 495; x_wconf 90' lang='lat' dir='ltr'><strong>com-</strong></span> 
     </span>
     <span class='ocr_line' id='line_1_5' title="bbox 48 532 1130 618; baseline -0.005 -16"><span class='ocrx_word' id='word_1_35' title='bbox 48 535 243 602; x_wconf 89' lang='lat' dir='ltr'><strong>mentarium</strong></span> <span class='ocrx_word' id='word_1_36' title='bbox 265 554 370 601; x_wconf 92' lang='lat' dir='ltr'><strong>meum</strong></span> <span class='ocrx_word' id='word_1_37' title='bbox 392 535 507 610; x_wconf 92' lang='lat' dir='ltr'><strong>rettuli,</strong></span> <span class='ocrx_word' id='word_1_38' title='bbox 532 544 602 599; x_wconf 94' lang='lat' dir='ltr'><strong>sunt</strong></span> <span class='ocrx_word' id='word_1_39' title='bbox 625 535 690 600; x_wconf 93' lang='lat' dir='ltr'><strong>eius</strong></span> <span class='ocrx_word' id='word_1_40' title='bbox 717 533 809 610; x_wconf 93' lang='lat' dir='ltr'><strong>modi,</strong></span> <span class='ocrx_word' id='word_1_41' title='bbox 833 552 896 599; x_wconf 91' lang='lat' dir='ltr'><strong>non</strong></span> <span class='ocrx_word' id='word_1_42' title='bbox 923 533 1025 618; x_wconf 91' lang='lat' dir='ltr'><strong>aliqua</strong></span> <span class='ocrx_word' id='word_1_43' title='bbox 1052 532 1130 597; x_wconf 88' lang='lat' dir='ltr'><strong>rnibi</strong></span> 
     </span>
     <span class='ocr_line' id='line_1_6' title="bbox 45 631 1129 718; baseline -0.006 -17"><span class='ocrx_word' id='word_1_44' title='bbox 45 634 193 701; x_wconf 90' lang='lat' dir='ltr'><strong>doctrina</strong></span> <span class='ocrx_word' id='word_1_45' title='bbox 214 632 335 710; x_wconf 88' lang='lat' dir='ltr'><strong>tradita,</strong></span> <span class='ocrx_word' id='word_1_46' title='bbox 351 631 404 699; x_wconf 86' lang='lat' dir='ltr'><strong>sed</strong></span> <span class='ocrx_word' id='word_1_47' title='bbox 422 632 455 698; x_wconf 94' lang='lat' dir='ltr'><strong>in</strong></span> <span class='ocrx_word' id='word_1_48' title='bbox 471 653 576 698; x_wconf 92' lang='lat' dir='ltr'><strong>rerum</strong></span> <span class='ocrx_word' id='word_1_49' title='bbox 592 654 650 699; x_wconf 90' lang='lat' dir='ltr'><strong>usu</strong></span> <span class='ocrx_word' id='word_1_50' title='bbox 672 633 829 718; x_wconf 83' lang='lat' dir='ltr'>causisque</span> <span class='ocrx_word' id='word_1_51' title='bbox 844 641 987 710; x_wconf 89' lang='lat' dir='ltr'><strong>tractata;</strong></span> <span class='ocrx_word' id='word_1_52' title='bbox 1011 652 1089 717; x_wconf 90' lang='lat' dir='ltr'><strong>quae</strong></span> <span class='ocrx_word' id='word_1_53' title='bbox 1104 631 1129 695; x_wconf 91' lang='lat' dir='ltr'><strong>si</strong></span> 
     </span>
     <span class='ocr_line' id='line_1_7' title="bbox 45 734 1129 821; baseline -0.003 -20"><span class='ocrx_word' id='word_1_54' title='bbox 45 737 150 814; x_wconf 90' lang='lat' dir='ltr'><strong>vobis,</strong></span> <span class='ocrx_word' id='word_1_55' title='bbox 168 735 344 802; x_wconf 90' lang='lat' dir='ltr'><strong>bominibus</strong></span> <span class='ocrx_word' id='word_1_56' title='bbox 359 735 584 813; x_wconf 80' lang='lat' dir='ltr'><strong>eruditissimis,</strong></span> <span class='ocrx_word' id='word_1_57' title='bbox 601 755 662 801; x_wconf 93' lang='lat' dir='ltr'><strong>non</strong></span> <span class='ocrx_word' id='word_1_58' title='bbox 678 735 901 821; x_wconf 90' lang='lat' dir='ltr'><strong>probabuntur,</strong></span> <span class='ocrx_word' id='word_1_59' title='bbox 924 745 1058 799; x_wconf 91' lang='lat' dir='ltr'><strong>vestram</strong></span> <span class='ocrx_word' id='word_1_60' title='bbox 1074 734 1129 798; x_wconf 94' lang='lat' dir='ltr'><strong>ini-</strong></span> 
     </span>
     <span class='ocr_line' id='line_1_8' title="bbox 46 838 1129 925; baseline -0.002 -21"><span class='ocrx_word' id='word_1_61' title='bbox 46 840 204 925; x_wconf 73' lang='lat' dir='ltr'><strong>quitatem</strong></span> <span class='ocrx_word' id='word_1_62' title='bbox 226 847 402 915; x_wconf 90' lang='lat' dir='ltr'><strong>accusatote,</strong></span> <span class='ocrx_word' id='word_1_63' title='bbox 424 838 478 924; x_wconf 94' lang='lat' dir='ltr'><strong>qui</strong></span> <span class='ocrx_word' id='word_1_64' title='bbox 500 858 538 903; x_wconf 84' lang='lat' dir='ltr'><strong>ex</strong></span> <span class='ocrx_word' id='word_1_65' title='bbox 560 859 610 904; x_wconf 90' lang='lat' dir='ltr'><strong>me</strong></span> <span class='ocrx_word' id='word_1_66' title='bbox 631 858 666 904; x_wconf 88' lang='lat' dir='ltr'><strong>ea</strong></span> <span class='ocrx_word' id='word_1_67' title='bbox 689 838 889 924; x_wconf 79' lang='lat' dir='ltr'><strong>quaesieritis,</strong></span> <span class='ocrx_word' id='word_1_68' title='bbox 912 857 990 923; x_wconf 91' lang='lat' dir='ltr'><strong>quae</strong></span> <span class='ocrx_word' id='word_1_69' title='bbox 1002 857 1056 924; x_wconf 89' lang='lat' dir='ltr'><strong>ego</strong></span> <span class='ocrx_word' id='word_1_70' title='bbox 1079 857 1129 902; x_wconf 89' lang='lat' dir='ltr'><strong>ne-</strong></span> 
     </span>
     <span class='ocr_line' id='line_1_9' title="bbox 45 941 1129 1023; baseline -0.003 -14"><span class='ocrx_word' id='word_1_71' title='bbox 45 944 178 1023; x_wconf 89' lang='lat' dir='ltr'><strong>scirem;</strong></span> <span class='ocrx_word' id='word_1_72' title='bbox 194 962 296 1008; x_wconf 94' lang='lat' dir='ltr'><strong>meam</strong></span> <span class='ocrx_word' id='word_1_73' title='bbox 308 941 482 1007; x_wconf 81' lang='lat' dir='ltr'><strong>facilitatem</strong></span> <span class='ocrx_word' id='word_1_74' title='bbox 496 941 657 1018; x_wconf 90' lang='lat' dir='ltr'><strong>laudatote,</strong></span> <span class='ocrx_word' id='word_1_75' title='bbox 670 962 737 1008; x_wconf 94' lang='lat' dir='ltr'><strong>cum</strong></span> <span class='ocrx_word' id='word_1_76' title='bbox 750 942 837 1008; x_wconf 89' lang='lat' dir='ltr'><strong>vobis</strong></span> <span class='ocrx_word' id='word_1_77' title='bbox 849 962 911 1007; x_wconf 92' lang='lat' dir='ltr'><strong>non</strong></span> <span class='ocrx_word' id='word_1_78' title='bbox 927 941 1129 1018; x_wconf 91' lang='lat' dir='ltr'><strong>meoiudicio,</strong></span> 
     </span>
     <span class='ocr_line' id='line_1_10' title="bbox 45 1043 1206 1132; baseline 0.001 -20"><span class='ocrx_word' id='word_1_79' title='bbox 45 1045 103 1113; x_wconf 89' lang='lat' dir='ltr'><strong>sed</strong></span> <span class='ocrx_word' id='word_1_80' title='bbox 135 1056 240 1112; x_wconf 90' lang='lat' dir='ltr'><strong>vestro</strong></span> <span class='ocrx_word' id='word_1_81' title='bbox 268 1043 367 1111; x_wconf 92' lang='lat' dir='ltr'><strong>studio</strong></span> <span class='ocrx_word' id='word_1_82' title='bbox 397 1044 537 1112; x_wconf 90' lang='lat' dir='ltr'><strong>inductus</strong></span> <span class='ocrx_word' id='word_1_83' title='bbox 564 1066 625 1111; x_wconf 92' lang='lat' dir='ltr'><strong>non</strong></span> <span class='ocrx_word' id='word_1_84' title='bbox 656 1056 779 1132; x_wconf 85' lang='lat' dir='ltr'><strong>gravate</strong></span> <span class='ocrx_word' id='word_1_85' title='bbox 812 1044 1006 1132; x_wconf 90' lang='lat' dir='ltr'><strong>respondero.</strong></span> <span class='ocrx_word' id='word_1_86' title='bbox 1050 1044 1128 1110; x_wconf 86' lang='lat' dir='ltr'><strong>Tum</strong></span> <span class='ocrx_word' id='word_1_87' title='bbox 1154 1056 1206 1113; x_wconf 80' lang='lat'><strong>209</strong></span> 
     </span>
     <span class='ocr_line' id='line_1_11' title="bbox 44 1147 1130 1236; baseline -0.003 -20"><span class='ocrx_word' id='word_1_88' title='bbox 44 1151 193 1216; x_wconf 81' lang='lat' dir='ltr'><strong>Crassus:</strong></span> <span class='ocrx_word' id='word_1_89' title='bbox 217 1149 311 1236; x_wconf 83' lang='lat' dir='ltr'><strong>Perge</strong></span> <span class='ocrx_word' id='word_1_90' title='bbox 333 1147 433 1227; x_wconf 89' lang='lat' dir='ltr'><strong>modo,</strong></span> <span class='ocrx_word' id='word_1_91' title='bbox 458 1148 566 1234; x_wconf 93' lang='lat' dir='ltr'><strong>inquit,</strong></span> <span class='ocrx_word' id='word_1_92' title='bbox 591 1149 710 1214; x_wconf 83' lang='lat' dir='ltr'><strong>Antoni.</strong></span> <span class='ocrx_word' id='word_1_93' title='bbox 734 1148 859 1216; x_wconf 92' lang='lat' dir='ltr'><strong>Nullum</strong></span> <span class='ocrx_word' id='word_1_94' title='bbox 881 1159 925 1214; x_wconf 89' lang='lat' dir='ltr'><strong>est</strong></span> <span class='ocrx_word' id='word_1_95' title='bbox 945 1149 1030 1215; x_wconf 92' lang='lat' dir='ltr'><strong>enim</strong></span> <span class='ocrx_word' id='word_1_96' title='bbox 1051 1148 1130 1234; x_wconf 91' lang='lat' dir='ltr'><strong>peri-</strong></span> 
     </span>
     <span class='ocr_line' id='line_1_12' title="bbox 43 1244 1127 1338; baseline -0.005 -17"><span class='ocrx_word' id='word_1_97' title='bbox 43 1256 167 1330; x_wconf 91' lang='lat' dir='ltr'><strong>culum,</strong></span> <span class='ocrx_word' id='word_1_98' title='bbox 192 1251 326 1337; x_wconf 93' lang='lat' dir='ltr'><strong>nequid</strong></span> <span class='ocrx_word' id='word_1_99' title='bbox 349 1260 383 1317; x_wconf 89' lang='lat' dir='ltr'><strong>tu</strong></span> <span class='ocrx_word' id='word_1_100' title='bbox 407 1253 551 1337; x_wconf 85' lang='lat' dir='ltr'><strong>eloquare</strong></span> <span class='ocrx_word' id='word_1_101' title='bbox 575 1252 633 1317; x_wconf 92' lang='lat' dir='ltr'><strong>nisi</strong></span> <span class='ocrx_word' id='word_1_102' title='bbox 657 1252 697 1317; x_wconf 93' lang='lat' dir='ltr'><strong>ita</strong></span> <span class='ocrx_word' id='word_1_103' title='bbox 720 1244 899 1338; x_wconf 87' lang='lat' dir='ltr'><strong>prudenter,</strong></span> <span class='ocrx_word' id='word_1_104' title='bbox 915 1261 949 1318; x_wconf 91' lang='lat' dir='ltr'><strong>ut</strong></span> <span class='ocrx_word' id='word_1_105' title='bbox 971 1251 1127 1318; x_wconf 91' lang='lat' dir='ltr'><strong>neminem</strong></span> 
     </span>
     <span class='ocr_line' id='line_1_13' title="bbox 44 1355 974 1442; baseline -0.003 -20"><span class='ocrx_word' id='word_1_106' title='bbox 44 1367 194 1422; x_wconf 89' lang='lat' dir='ltr'><strong>nostrum</strong></span> <span class='ocrx_word' id='word_1_107' title='bbox 216 1355 370 1441; x_wconf 89' lang='lat' dir='ltr'><strong>poeniteat</strong></span> <span class='ocrx_word' id='word_1_108' title='bbox 392 1356 430 1421; x_wconf 95' lang='lat' dir='ltr'><strong>ad</strong></span> <span class='ocrx_word' id='word_1_109' title='bbox 454 1356 536 1422; x_wconf 91' lang='lat' dir='ltr'><strong>bunc</strong></span> <span class='ocrx_word' id='word_1_110' title='bbox 558 1365 588 1422; x_wconf 93' lang='lat' dir='ltr'><strong>te</strong></span> <span class='ocrx_word' id='word_1_111' title='bbox 610 1376 784 1422; x_wconf 89' lang='lat' dir='ltr'><strong>sermonem</strong></span> <span class='ocrx_word' id='word_1_112' title='bbox 808 1357 974 1442; x_wconf 89' lang='lat' dir='ltr'><strong>impulisse.</strong></span> 
     </span>
    </p>

    <p class='ocr_par' dir='ltr' id='par_1_3' title="bbox 44 1457 1204 2366">
     <span class='ocr_line' id='line_1_14' title="bbox 88 1457 1125 1545; baseline -0.002 -21"><span class='ocrx_word' id='word_1_113' title='bbox 88 1458 153 1544; x_wconf 84' lang='lat' dir='ltr'><strong>Ego</strong></span> <span class='ocrx_word' id='word_1_114' title='bbox 176 1478 260 1534; x_wconf 89' lang='lat' dir='ltr'><strong>vero,</strong></span> <span class='ocrx_word' id='word_1_115' title='bbox 284 1459 393 1544; x_wconf 93' lang='lat' dir='ltr'><strong>inquit,</strong></span> <span class='ocrx_word' id='word_1_116' title='bbox 417 1478 544 1545; x_wconf 80' lang='lat' dir='ltr'><strong>pergam</strong></span> <span class='ocrx_word' id='word_1_117' title='bbox 566 1469 596 1523; x_wconf 93' lang='lat' dir='ltr'><strong>et</strong></span> <span class='ocrx_word' id='word_1_118' title='bbox 616 1459 646 1523; x_wconf 92' lang='lat' dir='ltr'><strong>id</strong></span> <span class='ocrx_word' id='word_1_119' title='bbox 669 1459 787 1534; x_wconf 89' lang='lat' dir='ltr'><strong>faciam,</strong></span> <span class='ocrx_word' id='word_1_120' title='bbox 811 1457 891 1544; x_wconf 92' lang='lat' dir='ltr'><strong>qnod</strong></span> <span class='ocrx_word' id='word_1_121' title='bbox 916 1459 947 1522; x_wconf 92' lang='lat' dir='ltr'><strong>in</strong></span> <span class='ocrx_word' id='word_1_122' title='bbox 974 1457 1125 1544; x_wconf 88' lang='lat' dir='ltr'><strong>principio</strong></span> 
     </span>
     <span class='ocr_line' id='line_1_15' title="bbox 45 1559 1127 1647; baseline -0.001 -20"><span class='ocrx_word' id='word_1_123' title='bbox 45 1562 120 1627; x_wconf 87' lang='lat' dir='ltr'><strong>fieri</strong></span> <span class='ocrx_word' id='word_1_124' title='bbox 137 1562 172 1626; x_wconf 95' lang='lat' dir='ltr'><strong>in</strong></span> <span class='ocrx_word' id='word_1_125' title='bbox 188 1561 331 1627; x_wconf 91' lang='lat' dir='ltr'><strong>omnibus</strong></span> <span class='ocrx_word' id='word_1_126' title='bbox 342 1561 599 1647; x_wconf 88' lang='lat' dir='ltr'><strong>disputationibus</strong></span> <span class='ocrx_word' id='word_1_127' title='bbox 614 1572 755 1647; x_wconf 92' lang='lat' dir='ltr'><strong>oportere</strong></span> <span class='ocrx_word' id='word_1_128' title='bbox 769 1582 886 1638; x_wconf 91' lang='lat' dir='ltr'><strong>censeo,</strong></span> <span class='ocrx_word' id='word_1_129' title='bbox 903 1570 946 1638; x_wconf 92' lang='lat' dir='ltr'><strong>ut,</strong></span> <span class='ocrx_word' id='word_1_130' title='bbox 962 1560 1035 1646; x_wconf 94' lang='lat' dir='ltr'><strong>quid</strong></span> <span class='ocrx_word' id='word_1_131' title='bbox 1051 1559 1127 1626; x_wconf 92' lang='lat' dir='ltr'><strong>illud</strong></span> 
     </span>
     <span class='ocr_line' id='line_1_16' title="bbox 44 1661 1128 1750; baseline -0.002 -22"><span class='ocrx_word' id='word_1_132' title='bbox 44 1665 97 1740; x_wconf 92' lang='lat' dir='ltr'><strong>sit,</strong></span> <span class='ocrx_word' id='word_1_133' title='bbox 115 1663 155 1728; x_wconf 90' lang='lat' dir='ltr'><strong>de</strong></span> <span class='ocrx_word' id='word_1_134' title='bbox 179 1682 239 1748; x_wconf 93' lang='lat' dir='ltr'><strong>quo</strong></span> <span class='ocrx_word' id='word_1_135' title='bbox 261 1661 442 1749; x_wconf 87' lang='lat' dir='ltr'><strong>disputetur,</strong></span> <span class='ocrx_word' id='word_1_136' title='bbox 459 1667 650 1750; x_wconf 81' lang='lat' dir='ltr'><strong>explanetur,</strong></span> <span class='ocrx_word' id='word_1_137' title='bbox 668 1685 707 1729; x_wconf 94' lang='lat' dir='ltr'><strong>ne</strong></span> <span class='ocrx_word' id='word_1_138' title='bbox 722 1665 825 1750; x_wconf 90' lang='lat' dir='ltr'><strong>vagari</strong></span> <span class='ocrx_word' id='word_1_139' title='bbox 842 1674 871 1730; x_wconf 92' lang='lat' dir='ltr'><strong>et</strong></span> <span class='ocrx_word' id='word_1_140' title='bbox 886 1684 990 1729; x_wconf 92' lang='lat' dir='ltr'><strong>errare</strong></span> <span class='ocrx_word' id='word_1_141' title='bbox 1005 1672 1128 1749; x_wconf 90' lang='lat' dir='ltr'><strong>cogatur</strong></span> 
     </span>
     <span class='ocr_line' id='line_1_17' title="bbox 45 1765 1126 1853; baseline -0.002 -21"><span class='ocrx_word' id='word_1_142' title='bbox 45 1767 160 1843; x_wconf 87' lang='lat' dir='ltr'><strong>oratio,</strong></span> <span class='ocrx_word' id='word_1_143' title='bbox 174 1766 199 1830; x_wconf 95' lang='lat' dir='ltr'><strong>si</strong></span> <span class='ocrx_word' id='word_1_144' title='bbox 214 1765 246 1843; x_wconf 92' lang='lat' dir='ltr'><strong>ii,</strong></span> <span class='ocrx_word' id='word_1_145' title='bbox 260 1766 313 1850; x_wconf 93' lang='lat' dir='ltr'><strong>qui</strong></span> <span class='ocrx_word' id='word_1_146' title='bbox 325 1766 407 1832; x_wconf 91' lang='lat' dir='ltr'><strong>inter</strong></span> <span class='ocrx_word' id='word_1_147' title='bbox 418 1788 450 1832; x_wconf 94' lang='lat' dir='ltr'><strong>se</strong></span> <span class='ocrx_word' id='word_1_148' title='bbox 462 1766 671 1844; x_wconf 90' lang='lat' dir='ltr'><strong>dissenserint,</strong></span> <span class='ocrx_word' id='word_1_149' title='bbox 686 1787 745 1833; x_wconf 91' lang='lat' dir='ltr'><strong>non</strong></span> <span class='ocrx_word' id='word_1_150' title='bbox 760 1767 841 1833; x_wconf 91' lang='lat' dir='ltr'><strong>idem</strong></span> <span class='ocrx_word' id='word_1_151' title='bbox 858 1767 948 1853; x_wconf 76' lang='lat' dir='ltr'><strong>lesse}</strong></span> <span class='ocrx_word' id='word_1_152' title='bbox 962 1765 1048 1844; x_wconf 94' lang='lat' dir='ltr'><strong>illud,</strong></span> <span class='ocrx_word' id='word_1_153' title='bbox 1066 1786 1126 1852; x_wconf 90' lang='lat' dir='ltr'><strong>quo</strong></span> 
     </span>
     <span class='ocr_line' id='line_1_18' title="bbox 47 1869 1204 1956; baseline -0.003 -22"><span class='ocrx_word' id='word_1_154' title='bbox 47 1870 89 1935; x_wconf 92' lang='lat' dir='ltr'><strong>de</strong></span> <span class='ocrx_word' id='word_1_155' title='bbox 112 1869 223 1956; x_wconf 89' lang='lat' dir='ltr'><strong>agitur,</strong></span> <span class='ocrx_word' id='word_1_156' title='bbox 248 1869 436 1956; x_wconf 83' lang='lat' dir='ltr'><strong>intellegant.</strong></span> <span class='ocrx_word' id='word_1_157' title='bbox 482 1869 566 1947; x_wconf 89' lang='lat' dir='ltr'><strong>Nam,</strong></span> <span class='ocrx_word' id='word_1_158' title='bbox 587 1871 611 1935; x_wconf 94' lang='lat' dir='ltr'><strong>si</strong></span> <span class='ocrx_word' id='word_1_159' title='bbox 636 1871 712 1936; x_wconf 86' lang='lat' dir='ltr'><strong>forte</strong></span> <span class='ocrx_word' id='word_1_160' title='bbox 735 1881 934 1956; x_wconf 91' lang='lat' dir='ltr'><strong>quaereretur</strong></span> <span class='ocrx_word' id='word_1_161' title='bbox 956 1891 1034 1956; x_wconf 93' lang='lat' dir='ltr'><strong>quae</strong></span> <span class='ocrx_word' id='word_1_162' title='bbox 1048 1878 1126 1936; x_wconf 91' lang='lat' dir='ltr'><strong>esset</strong></span> <span class='ocrx_word' id='word_1_163' title='bbox 1153 1875 1204 1930; x_wconf 77' lang='lat'><strong>210</strong></span> 
     </span>
     <span class='ocr_line' id='line_1_19' title="bbox 48 1971 1127 2060; baseline 0 -23"><span class='ocrx_word' id='word_1_164' title='bbox 48 1993 101 2037; x_wconf 89' lang='lat' dir='ltr'><strong>ars</strong></span> <span class='ocrx_word' id='word_1_165' title='bbox 124 1971 329 2057; x_wconf 89' lang='lat' dir='ltr'><strong>imperatoris,</strong></span> <span class='ocrx_word' id='word_1_166' title='bbox 353 1973 599 2039; x_wconf 88' lang='lat' dir='ltr'><strong>constituendum</strong></span> <span class='ocrx_word' id='word_1_167' title='bbox 622 1984 763 2059; x_wconf 91' lang='lat' dir='ltr'><strong>putarem</strong></span> <span class='ocrx_word' id='word_1_168' title='bbox 792 1974 942 2060; x_wconf 90' lang='lat' dir='ltr'><strong>principio</strong></span> <span class='ocrx_word' id='word_1_169' title='bbox 965 1974 1018 2059; x_wconf 93' lang='lat' dir='ltr'><strong>qui</strong></span> <span class='ocrx_word' id='word_1_170' title='bbox 1048 1982 1127 2038; x_wconf 93' lang='lat' dir='ltr'><strong>esset</strong></span> 
     </span>
     <span class='ocr_line' id='line_1_20' title="bbox 50 2075 1125 2161; baseline 0.001 -23"><span class='ocrx_word' id='word_1_171' title='bbox 50 2075 239 2160; x_wconf 81' lang='lat' dir='ltr'><strong>imperator3</strong></span> <span class='ocrx_word' id='word_1_172' title='bbox 264 2075 408 2160; x_wconf 89' lang='lat' dir='ltr'><strong>quicum</strong></span> <span class='ocrx_word' id='word_1_173' title='bbox 434 2086 513 2142; x_wconf 87' lang='lat' dir='ltr'><strong>esset</strong></span> <span class='ocrx_word' id='word_1_174' title='bbox 539 2077 719 2142; x_wconf 90' lang='lat' dir='ltr'><strong>constitutus</strong></span> <span class='ocrx_word' id='word_1_175' title='bbox 746 2075 975 2141; x_wconf 90' lang='lat' dir='ltr'><strong>administrator</strong></span> <span class='ocrx_word' id='word_1_176' title='bbox 1001 2075 1125 2161; x_wconf 90' lang='lat' dir='ltr'><strong>quidam</strong></span> 
     </span>
     <span class='ocr_line' id='line_1_21' title="bbox 53 2169 1126 2264; baseline -0.001 -22"><span class='ocrx_word' id='word_1_177' title='bbox 53 2175 126 2242; x_wconf 83' lang='lat' dir='ltr'><strong>belli</strong></span> <span class='ocrx_word' id='word_1_178' title='bbox 149 2169 286 2262; x_wconf 85' lang='lat' dir='ltr'><strong>gerendi,</strong></span> <span class='ocrx_word' id='word_1_179' title='bbox 310 2188 375 2242; x_wconf 93' lang='lat' dir='ltr'><strong>tum</strong></span> <span class='ocrx_word' id='word_1_180' title='bbox 398 2177 633 2264; x_wconf 89' lang='lat' dir='ltr'><strong>adiungeremus</strong></span> <span class='ocrx_word' id='word_1_181' title='bbox 656 2177 694 2244; x_wconf 95' lang='lat' dir='ltr'><strong>de</strong></span> <span class='ocrx_word' id='word_1_182' title='bbox 723 2179 866 2255; x_wconf 83' lang='lat' dir='ltr'><strong>exercitu,</strong></span> <span class='ocrx_word' id='word_1_183' title='bbox 890 2177 928 2243; x_wconf 94' lang='lat' dir='ltr'><strong>de</strong></span> <span class='ocrx_word' id='word_1_184' title='bbox 950 2178 1064 2254; x_wconf 93' lang='lat' dir='ltr'><strong>castris,</strong></span> <span class='ocrx_word' id='word_1_185' title='bbox 1087 2176 1126 2242; x_wconf 91' lang='lat' dir='ltr'><strong>de</strong></span> 
     </span>
     <span class='ocr_line' id='line_1_22' title="bbox 57 2279 1126 2366; baseline 0.002 -24"><span class='ocrx_word' id='word_1_186' title='bbox 57 2279 234 2364; x_wconf 90' lang='lat' dir='ltr'><strong>agminibus,</strong></span> <span class='ocrx_word' id='word_1_187' title='bbox 251 2279 289 2344; x_wconf 93' lang='lat' dir='ltr'><strong>de</strong></span> <span class='ocrx_word' id='word_1_188' title='bbox 304 2279 461 2366; x_wconf 91' lang='lat' dir='ltr'><strong>signorum</strong></span> <span class='ocrx_word' id='word_1_189' title='bbox 476 2281 696 2356; x_wconf 82' lang='lat' dir='ltr'><strong>collationibus,</strong></span> <span class='ocrx_word' id='word_1_190' title='bbox 713 2280 752 2346; x_wconf 90' lang='lat' dir='ltr'><strong>de</strong></span> <span class='ocrx_word' id='word_1_191' title='bbox 767 2280 951 2366; x_wconf 91' lang='lat' dir='ltr'><strong>oppidorum</strong></span> <span class='ocrx_word' id='word_1_192' title='bbox 973 2298 1126 2365; x_wconf 93' lang='lat' dir='ltr'><strong>oppugna-</strong></span> 
     </span>
    </p>

    <p class='ocr_par' dir='ltr' id='par_1_4' title="bbox 10 2379 1125 2778">
     <span class='ocr_line' id='line_1_23' title="bbox 10 2379 1124 2468; baseline 0 -23"><span class='ocrx_word' id='word_1_193' title='bbox 10 2438 12 2445; x_wconf 93' lang='lat'><em>.</em></span> <span class='ocrx_word' id='word_1_194' title='bbox 59 2379 194 2459; x_wconf 88' lang='lat' dir='ltr'><strong>tionibus,</strong></span> <span class='ocrx_word' id='word_1_195' title='bbox 218 2381 257 2448; x_wconf 94' lang='lat' dir='ltr'><strong>de</strong></span> <span class='ocrx_word' id='word_1_196' title='bbox 282 2393 462 2460; x_wconf 87' lang='lat' dir='ltr'><strong>commeatu,</strong></span> <span class='ocrx_word' id='word_1_197' title='bbox 492 2382 530 2449; x_wconf 93' lang='lat' dir='ltr'><strong>de</strong></span> <span class='ocrx_word' id='word_1_198' title='bbox 561 2383 678 2449; x_wconf 90' lang='lat' dir='ltr'><strong>insidiis</strong></span> <span class='ocrx_word' id='word_1_199' title='bbox 702 2383 846 2449; x_wconf 83' lang='lat' dir='ltr'><strong>faciendis</strong></span> <span class='ocrx_word' id='word_1_200' title='bbox 869 2394 959 2468; x_wconf 89' lang='lat' dir='ltr'><strong>atque</strong></span> <span class='ocrx_word' id='word_1_201' title='bbox 982 2381 1124 2458; x_wconf 84' lang='lat' dir='ltr'><strong>vitandis,</strong></span> 
     </span>
     <span class='ocr_line' id='line_1_24' title="bbox 20 2478 1122 2573; baseline 0.005 -30"><span class='ocrx_word' id='word_1_202' title='bbox 20 2514 23 2519; x_wconf 95' lang='lat'>·</span> <span class='ocrx_word' id='word_1_203' title='bbox 65 2478 96 2546; x_wconf 87' lang='lat' dir='ltr'><strong>de</strong></span> <span class='ocrx_word' id='word_1_204' title='bbox 114 2485 239 2570; x_wconf 92' lang='lat' dir='ltr'><strong>reliquis</strong></span> <span class='ocrx_word' id='word_1_205' title='bbox 263 2485 364 2562; x_wconf 76' lang='lat' dir='ltr'><strong>rebuS,</strong></span> <span class='ocrx_word' id='word_1_206' title='bbox 388 2505 466 2570; x_wconf 92' lang='lat' dir='ltr'><strong>quae</strong></span> <span class='ocrx_word' id='word_1_207' title='bbox 488 2496 589 2552; x_wconf 93' lang='lat' dir='ltr'><strong>essent</strong></span> <span class='ocrx_word' id='word_1_208' title='bbox 610 2487 754 2573; x_wconf 87' lang='lat' dir='ltr'><strong>propriae</strong></span> <span class='ocrx_word' id='word_1_209' title='bbox 779 2487 851 2552; x_wconf 91' lang='lat' dir='ltr'><strong>belli</strong></span> <span class='ocrx_word' id='word_1_210' title='bbox 874 2485 1122 2560; x_wconf 91' lang='lat' dir='ltr'><strong>administrandi;</strong></span> 
     </span>
     <span class='ocr_line' id='line_1_25' title="bbox 69 2588 1125 2675; baseline 0.002 -25"><span class='ocrx_word' id='word_1_211' title='bbox 69 2600 181 2665; x_wconf 87' lang='lat' dir='ltr'><strong>quarum</strong></span> <span class='ocrx_word' id='word_1_212' title='bbox 197 2588 250 2672; x_wconf 92' lang='lat' dir='ltr'><strong>qui</strong></span> <span class='ocrx_word' id='word_1_213' title='bbox 264 2596 366 2654; x_wconf 90' lang='lat' dir='ltr'><strong>essent</strong></span> <span class='ocrx_word' id='word_1_214' title='bbox 377 2588 481 2653; x_wconf 89' lang='lat' dir='ltr'><strong>animo</strong></span> <span class='ocrx_word' id='word_1_215' title='bbox 492 2599 523 2653; x_wconf 93' lang='lat' dir='ltr'><strong>et</strong></span> <span class='ocrx_word' id='word_1_216' title='bbox 538 2589 661 2655; x_wconf 91' lang='lat' dir='ltr'><strong>scientia</strong></span> <span class='ocrx_word' id='word_1_217' title='bbox 673 2600 835 2675; x_wconf 90' lang='lat' dir='ltr'><strong>compotes,</strong></span> <span class='ocrx_word' id='word_1_218' title='bbox 849 2609 900 2655; x_wconf 91' lang='lat' dir='ltr'><strong>eos</strong></span> <span class='ocrx_word' id='word_1_219' title='bbox 915 2609 980 2654; x_wconf 93' lang='lat' dir='ltr'><strong>esse</strong></span> <span class='ocrx_word' id='word_1_220' title='bbox 996 2589 1125 2673; x_wconf 90' lang='lat' dir='ltr'><strong>impera-</strong></span> 
     </span>
     <span class='ocr_line' id='line_1_26' title="bbox 69 2689 1122 2778; baseline 0.008 -30"><span class='ocrx_word' id='word_1_221' title='bbox 69 2691 134 2752; x_wconf 85' lang='lat' dir='ltr'><strong>tores</strong></span> <span class='ocrx_word' id='word_1_222' title='bbox 147 2689 290 2769; x_wconf 84' lang='lat' dir='ltr'><strong>dicerem,</strong></span> <span class='ocrx_word' id='word_1_223' title='bbox 304 2695 469 2776; x_wconf 89' lang='lat' dir='ltr'><strong>utererque</strong></span> <span class='ocrx_word' id='word_1_224' title='bbox 480 2693 629 2778; x_wconf 85' lang='lat' dir='ltr'><strong>exemplis</strong></span> <span class='ocrx_word' id='word_1_225' title='bbox 642 2692 850 2758; x_wconf 73' lang='lat' dir='ltr'><strong>Africanorum</strong></span> <span class='ocrx_word' id='word_1_226' title='bbox 866 2703 896 2758; x_wconf 91' lang='lat' dir='ltr'><strong>et</strong></span> <span class='ocrx_word' id='word_1_227' title='bbox 911 2692 1122 2766; x_wconf 82' lang='lat' dir='ltr'><strong>Maximorum,</strong></span> 
     </span>
    </p>
   </div>
   <div class='ocr_carea' id='block_1_3' title="bbox 72 2826 360 2846">
    <p class='ocr_par' dir='ltr' id='par_1_5' title="bbox 72 2826 360 2846">
     <span class='ocr_line' id='line_1_27' title="bbox 72 2826 360 2846; baseline 0.003 -1"><span class='ocrx_word' id='word_1_228' title='bbox 72 2826 360 2846; x_wconf 34' lang='lat' dir='ltr'><strong>N-——u-r</strong></span> 
     </span>
    </p>
   </div>
   <div class='ocr_carea' id='block_1_4' title="bbox 63 2906 1124 3030">
    <p class='ocr_par' dir='ltr' id='par_1_6' title="bbox 63 2906 1124 3030">
     <span class='ocr_line' id='line_1_28' title="bbox 67 2906 1121 2959; baseline 0.004 -10"><span class='ocrx_word' id='word_1_229' title='bbox 67 2907 266 2959; x_wconf 54' lang='lat' dir='ltr'><strong>memoretur,</strong></span> <span class='ocrx_word' id='word_1_230' title='bbox 284 2906 336 2951; x_wconf 85' lang='lat' dir='ltr'><strong>scil.</strong></span> <span class='ocrx_word' id='word_1_231' title='bbox 355 2921 372 2951; x_wconf 86' lang='lat' dir='ltr'><strong><em>a</em></strong></span> <span class='ocrx_word' id='word_1_232' title='bbox 390 2920 477 2953; x_wconf 77' lang='lat' dir='ltr'><strong>me-</strong></span> <span class='ocrx_word' id='word_1_233' title='bbox 495 2908 528 2951; x_wconf 84' lang='lat' dir='ltr'><strong>in</strong></span> <span class='ocrx_word' id='word_1_234' title='bbox 548 2909 813 2952; x_wconf 78' lang='lat' dir='ltr'><strong>commentarium</strong></span> <span class='ocrx_word' id='word_1_235' title='bbox 836 2922 935 2953; x_wconf 69' lang='lat' dir='ltr'><strong>nucum</strong></span> <span class='ocrx_word' id='word_1_236' title='bbox 956 2911 1075 2953; x_wconf 81' lang='lat' dir='ltr'><strong>rettuli</strong></span> <span class='ocrx_word' id='word_1_237' title='bbox 1095 2930 1121 2942; x_wconf 83' lang='lat'><strong>==</strong></span> 
     </span>
     <span class='ocr_line' id='line_1_29' title="bbox 63 2956 1124 3030; baseline 0.008 -20"><span class='ocrx_word' id='word_1_238' title='bbox 63 2956 94 3005; x_wconf 80' lang='lat' dir='ltr'><strong>ho</strong></span> <span class='ocrx_word' id='word_1_239' title='bbox 110 2973 207 3018; x_wconf 83' lang='lat' dir='ltr'><strong>ruccolto</strong></span> <span class='ocrx_word' id='word_1_240' title='bbox 226 2973 292 3017; x_wconf 83' lang='lat' dir='ltr'><strong>nelle</strong></span> <span class='ocrx_word' id='word_1_241' title='bbox 312 2973 360 3017; x_wconf 89' lang='lat' dir='ltr'><strong>mie</strong></span> <span class='ocrx_word' id='word_1_242' title='bbox 380 2974 506 3027; x_wconf 84' lang='lat' dir='ltr'><strong>momorie;</strong></span> <span class='ocrx_word' id='word_1_243' title='bbox 522 2974 579 3018; x_wconf 87' lang='lat' dir='ltr'><strong>vedi</strong></span> <span class='ocrx_word' id='word_1_244' title='bbox 595 2977 648 3024; x_wconf 66' lang='lat'><strong>594.</strong></span> <span class='ocrx_word' id='word_1_245' title='bbox 667 2998 692 3004; x_wconf 93' lang='lat'>—</span> <span class='ocrx_word' id='word_1_246' title='bbox 707 2976 839 3022; x_wconf 81' lang='lat' dir='ltr'><strong>vobis...</strong></span> <span class='ocrx_word' id='word_1_247' title='bbox 857 2988 919 3019; x_wconf 79' lang='lat' dir='ltr'><strong>non</strong></span> <span class='ocrx_word' id='word_1_248' title='bbox 936 2977 1124 3030; x_wconf 79' lang='lat' dir='ltr'><strong>probabun-</strong></span> 
     </span>
    </p>
   </div>
   <div class='ocr_carea' id='block_1_5' title="bbox 57 3030 1125 3170">
    <p class='ocr_par' dir='ltr' id='par_1_7' title="bbox 57 3030 1125 3170">
     <span class='ocr_line' id='line_1_30' title="bbox 59 3030 1125 3100; baseline 0.003 -13"><span class='ocrx_word' id='word_1_249' title='bbox 59 3030 125 3082; x_wconf 52' lang='grc' dir='ltr'><strong>ΜΤ.</strong></span> <span class='ocrx_word' id='word_1_250' title='bbox 139 3043 188 3089; x_wconf 76' lang='lat' dir='ltr'><strong>Res</strong></span> <span class='ocrx_word' id='word_1_251' title='bbox 207 3044 275 3088; x_wconf 79' lang='lat' dir='ltr'><strong>milti</strong></span> <span class='ocrx_word' id='word_1_252' title='bbox 286 3045 419 3098; x_wconf 75' lang='lat' dir='ltr'><strong>probatur</strong></span> <span class='ocrx_word' id='word_1_253' title='bbox 428 3065 454 3078; x_wconf 87' lang='lat'><strong>==</strong></span> <span class='ocrx_word' id='word_1_254' title='bbox 468 3046 536 3090; x_wconf 80' lang='lat' dir='ltr'><strong>mibi</strong></span> <span class='ocrx_word' id='word_1_255' title='bbox 542 3046 632 3100; x_wconf 83' lang='lat' dir='ltr'><strong>placet</strong></span> <span class='ocrx_word' id='word_1_256' title='bbox 641 3067 667 3080; x_wconf 97' lang='lat'><em>-</em></span> <span class='ocrx_word' id='word_1_257' title='bbox 676 3046 708 3090; x_wconf 86' lang='lat' dir='ltr'><strong>ha</strong></span> <span class='ocrx_word' id='word_1_258' title='bbox 719 3046 742 3090; x_wconf 84' lang='lat' dir='ltr'><strong>la</strong></span> <span class='ocrx_word' id='word_1_259' title='bbox 760 3046 809 3090; x_wconf 82' lang='lat' dir='ltr'><strong>mia</strong></span> <span class='ocrx_word' id='word_1_260' title='bbox 826 3047 1017 3099; x_wconf 83' lang='lat' dir='ltr'><strong>approvanione.</strong></span> <span class='ocrx_word' id='word_1_261' title='bbox 1027 3070 1053 3077; x_wconf 91' lang='lat'>—</span> <span class='ocrx_word' id='word_1_262' title='bbox 1065 3048 1094 3090; x_wconf 81' lang='lat' dir='ltr'><strong>iu</strong></span> <span class='ocrx_word' id='word_1_263' title='bbox 1103 3048 1125 3089; x_wconf 83' lang='grc' dir='ltr'><strong>ι’-</strong></span> 
     </span>
     <span class='ocr_line' id='line_1_31' title="bbox 57 3109 969 3170; baseline 0.003 -12"><span class='ocrx_word' id='word_1_264' title='bbox 57 3109 208 3159; x_wconf 61' lang='lat' dir='ltr'><strong>quitatem</strong></span> <span class='ocrx_word' id='word_1_265' title='bbox 222 3135 249 3148; x_wconf 94' lang='lat'>-</span> <span class='ocrx_word' id='word_1_266' title='bbox 263 3114 431 3168; x_wconf 84' lang='lat' dir='ltr'><strong>imprudenza.</strong></span> <span class='ocrx_word' id='word_1_267' title='bbox 445 3140 470 3146; x_wconf 87' lang='lat'>-</span> <span class='ocrx_word' id='word_1_268' title='bbox 485 3129 546 3161; x_wconf 83' lang='lat' dir='ltr'><strong>non</strong></span> <span class='ocrx_word' id='word_1_269' title='bbox 569 3121 703 3170; x_wconf 72' lang='lat' dir='ltr'><strong>grauate</strong></span> <span class='ocrx_word' id='word_1_270' title='bbox 717 3138 744 3151; x_wconf 89' lang='lat'><strong>==</strong></span> <span class='ocrx_word' id='word_1_271' title='bbox 758 3131 831 3162; x_wconf 79' lang='lat' dir='ltr'><strong>senza</strong></span> <span class='ocrx_word' id='word_1_272' title='bbox 846 3116 969 3161; x_wconf 72' lang='lat' dir='ltr'><strong>difficoltlu</strong></span> 
     </span>
    </p>
   </div>
   <div class='ocr_carea' id='block_1_6' title="bbox 53 3197 1123 3316">
    <p class='ocr_par' dir='ltr' id='par_1_8' title="bbox 53 3197 1123 3316">
     <span class='ocr_line' id='line_1_32' title="bbox 124 3197 1123 3255; baseline 0.006 -16"><span class='ocrx_word' id='word_1_273' title='bbox 124 3197 191 3244; x_wconf 68' lang='lat'><strong>209.</strong></span> <span class='ocrx_word' id='word_1_274' title='bbox 207 3212 269 3244; x_wconf 77' lang='lat' dir='ltr'><strong>non</strong></span> <span class='ocrx_word' id='word_1_275' title='bbox 291 3199 409 3247; x_wconf 82' lang='lat' dir='ltr'><strong>idem...</strong></span> <span class='ocrx_word' id='word_1_276' title='bbox 427 3200 550 3246; x_wconf 83' lang='lat' dir='ltr'><strong>illud...</strong></span> <span class='ocrx_word' id='word_1_277' title='bbox 569 3201 768 3255; x_wconf 72' lang='lat' dir='ltr'><strong>intellegant</strong></span> <span class='ocrx_word' id='word_1_278' title='bbox 782 3222 808 3233; x_wconf 43' lang='grc' dir='ltr'>ἕ</span> <span class='ocrx_word' id='word_1_279' title='bbox 823 3215 869 3245; x_wconf 82' lang='grc' dir='ltr'>ιιοη</span> <span class='ocrx_word' id='word_1_280' title='bbox 885 3215 1043 3253; x_wconf 76' lang='lat' dir='ltr'><strong>convengono</strong></span> <span class='ocrx_word' id='word_1_281' title='bbox 1058 3202 1123 3245; x_wconf 79' lang='lat' dir='ltr'><strong>nella</strong></span> 
     </span>
     <span class='ocr_line' id='line_1_33' title="bbox 53 3247 578 3316; baseline 0.021 -13"><span class='ocrx_word' id='word_1_282' title='bbox 53 3247 195 3315; x_wconf 72' lang='lat' dir='ltr'><strong>defluiztonu</strong></span> <span class='ocrx_word' id='word_1_283' title='bbox 210 3269 277 3315; x_wconf 81' lang='lat' dir='ltr'><strong>della</strong></span> <span class='ocrx_word' id='word_1_284' title='bbox 292 3282 351 3315; x_wconf 79' lang='lat' dir='ltr'><strong>cosa</strong></span> <span class='ocrx_word' id='word_1_285' title='bbox 366 3270 390 3314; x_wconf 92' lang='lat' dir='ltr'><strong>di</strong></span> <span class='ocrx_word' id='word_1_286' title='bbox 405 3271 444 3315; x_wconf 90' lang='lat' dir='ltr'><strong>cui</strong></span> <span class='ocrx_word' id='word_1_287' title='bbox 461 3271 480 3316; x_wconf 88' lang='lat' dir='ltr'><strong>si</strong></span> <span class='ocrx_word' id='word_1_288' title='bbox 496 3277 578 3315; x_wconf 79' lang='lat' dir='ltr'><strong>tratta.</strong></span> 
     </span>
    </p>
   </div>
   <div class='ocr_carea' id='block_1_7' title="bbox 40 3351 1132 3906">
    <p class='ocr_par' dir='ltr' id='par_1_9' title="bbox 40 3351 1132 3906">
     <span class='ocr_line' id='line_1_34' title="bbox 127 3351 1122 3410; baseline 0.005 -15"><span class='ocrx_word' id='word_1_289' title='bbox 127 3351 188 3398; x_wconf 69' lang='lat'><strong>210.</strong></span> <span class='ocrx_word' id='word_1_290' title='bbox 211 3353 411 3408; x_wconf 65' lang='lat' dir='ltr'><strong>agminibus.</strong></span> <span class='ocrx_word' id='word_1_291' title='bbox 434 3355 552 3409; x_wconf 72' lang='lat' dir='ltr'><strong>Aqmen</strong></span> <span class='ocrx_word' id='word_1_292' title='bbox 576 3354 589 3399; x_wconf 76' lang='grc' dir='ltr'>ὸ</span> <span class='ocrx_word' id='word_1_293' title='bbox 613 3356 741 3400; x_wconf 84' lang='lat' dir='ltr'><strong>l&#39;csercito</strong></span> <span class='ocrx_word' id='word_1_294' title='bbox 764 3357 786 3399; x_wconf 92' lang='lat' dir='ltr'><strong>in</strong></span> <span class='ocrx_word' id='word_1_295' title='bbox 809 3361 901 3410; x_wconf 82' lang='lat' dir='ltr'><strong>qrranto</strong></span> <span class='ocrx_word' id='word_1_296' title='bbox 923 3357 943 3400; x_wconf 91' lang='lat' dir='ltr'><strong>si</strong></span> <span class='ocrx_word' id='word_1_297' title='bbox 966 3370 1077 3410; x_wconf 79' lang='lat' dir='ltr'><strong>suppone</strong></span> <span class='ocrx_word' id='word_1_298' title='bbox 1099 3357 1122 3400; x_wconf 93' lang='lat' dir='ltr'><strong>in</strong></span> 
     </span>
     <span class='ocr_line' id='line_1_35' title="bbox 54 3412 1124 3481; baseline 0.004 -14"><span class='ocrx_word' id='word_1_299' title='bbox 54 3412 155 3477; x_wconf 57' lang='lat' dir='ltr'><strong>mallim</strong></span> <span class='ocrx_word' id='word_1_300' title='bbox 171 3438 184 3468; x_wconf 90' lang='lat' dir='ltr'><strong>e</strong></span> <span class='ocrx_word' id='word_1_301' title='bbox 198 3424 299 3479; x_wconf 91' lang='lat' dir='ltr'><strong>quindi:</strong></span> <span class='ocrx_word' id='word_1_302' title='bbox 314 3425 340 3469; x_wconf 83' lang='lat' dir='ltr'><strong>la</strong></span> <span class='ocrx_word' id='word_1_303' title='bbox 353 3425 446 3470; x_wconf 79' lang='lat' dir='ltr'><strong>marcio</strong></span> <span class='ocrx_word' id='word_1_304' title='bbox 465 3425 490 3469; x_wconf 93' lang='lat' dir='ltr'><strong>di</strong></span> <span class='ocrx_word' id='word_1_305' title='bbox 510 3439 572 3470; x_wconf 85' lang='lat' dir='ltr'><strong>esso.</strong></span> <span class='ocrx_word' id='word_1_306' title='bbox 587 3450 611 3457; x_wconf 95' lang='lat'><em>-</em></span> <span class='ocrx_word' id='word_1_307' title='bbox 628 3428 663 3470; x_wconf 85' lang='lat' dir='ltr'><strong>de</strong></span> <span class='ocrx_word' id='word_1_308' title='bbox 686 3428 852 3481; x_wconf 77' lang='lat' dir='ltr'><strong>signorum</strong></span> <span class='ocrx_word' id='word_1_309' title='bbox 876 3428 1124 3481; x_wconf 78' lang='lat' dir='ltr'><strong>collationibus,</strong></span> 
     </span>
     <span class='ocr_line' id='line_1_36' title="bbox 51 3481 1123 3552; baseline 0.004 -13"><span class='ocrx_word' id='word_1_310' title='bbox 51 3481 235 3549; x_wconf 65' lang='lat' dir='ltr'><strong>“zzlllamenm</strong></span> <span class='ocrx_word' id='word_1_311' title='bbox 248 3495 322 3540; x_wconf 90' lang='lat' dir='ltr'><strong>modo</strong></span> <span class='ocrx_word' id='word_1_312' title='bbox 336 3500 426 3541; x_wconf 87' lang='lat' dir='ltr'><strong>venuto</strong></span> <span class='ocrx_word' id='word_1_313' title='bbox 437 3496 469 3541; x_wconf 78' lang='lat' dir='ltr'><strong>da</strong></span> <span class='ocrx_word' id='word_1_314' title='bbox 479 3498 597 3551; x_wconf 79' lang='lat' dir='ltr'><strong>conferre</strong></span> <span class='ocrx_word' id='word_1_315' title='bbox 610 3498 694 3551; x_wconf 65' lang='lat' dir='ltr'><strong>signa.</strong></span> <span class='ocrx_word' id='word_1_316' title='bbox 709 3498 756 3541; x_wconf 77' lang='lat' dir='ltr'><strong>Ct&#39;r.</strong></span> <span class='ocrx_word' id='word_1_317' title='bbox 772 3499 795 3542; x_wconf 87' lang='lat' dir='ltr'><strong>lu</strong></span> <span class='ocrx_word' id='word_1_318' title='bbox 809 3503 835 3542; x_wconf 73' lang='lat'><strong>2⁵</strong></span> <span class='ocrx_word' id='word_1_319' title='bbox 849 3504 919 3552; x_wconf 79' lang='lat' dir='ltr'><strong>parte</strong></span> <span class='ocrx_word' id='word_1_320' title='bbox 935 3499 1001 3543; x_wconf 82' lang='lat' dir='ltr'><strong>della</strong></span> <span class='ocrx_word' id='word_1_321' title='bbox 1012 3503 1036 3543; x_wconf 70' lang='lat'><strong>1⁸</strong></span> <span class='ocrx_word' id='word_1_322' title='bbox 1046 3499 1123 3544; x_wconf 81' lang='lat' dir='ltr'><strong>strofa</strong></span> 
     </span>
     <span class='ocr_line' id='line_1_37' title="bbox 51 3550 1121 3623; baseline 0.006 -14"><span class='ocrx_word' id='word_1_323' title='bbox 51 3550 96 3590; x_wconf 70' lang='lat'><strong>¹¹⁹¹</strong></span> <span class='ocrx_word' id='word_1_324' title='bbox 111 3569 162 3610; x_wconf 67' lang='lat' dir='ltr'><strong>loro</strong></span> <span class='ocrx_word' id='word_1_325' title='bbox 177 3567 216 3612; x_wconf 92' lang='lat' dir='ltr'><strong>del</strong></span> <span class='ocrx_word' id='word_1_326' title='bbox 234 3564 313 3612; x_wconf 79' lang='lat' dir='ltr'><strong>Oonte</strong></span> <span class='ocrx_word' id='word_1_327' title='bbox 328 3567 356 3611; x_wconf 85' lang='lat' dir='ltr'><strong>di</strong></span> <span class='ocrx_word' id='word_1_328' title='bbox 372 3566 556 3623; x_wconf 76' lang='lat' dir='ltr'><strong>Garmapnola.</strong></span> <span class='ocrx_word' id='word_1_329' title='bbox 572 3591 594 3598; x_wconf 97' lang='lat'>-</span> <span class='ocrx_word' id='word_1_330' title='bbox 611 3570 666 3622; x_wconf 81' lang='lat' dir='ltr'><strong>qui</strong></span> <span class='ocrx_word' id='word_1_331' title='bbox 685 3573 790 3613; x_wconf 78' lang='lat' dir='ltr'><strong>essent</strong></span> <span class='ocrx_word' id='word_1_332' title='bbox 810 3570 917 3615; x_wconf 69' lang='lat' dir='ltr'><strong>citime</strong></span> <span class='ocrx_word' id='word_1_333' title='bbox 937 3574 964 3614; x_wconf 84' lang='lat' dir='ltr'><strong>ct</strong></span> <span class='ocrx_word' id='word_1_334' title='bbox 982 3573 1121 3615; x_wconf 76' lang='lat' dir='ltr'><strong>scientia</strong></span> 
     </span>
     <span class='ocr_line' id='line_1_38' title="bbox 50 3618 1122 3694; baseline 0.005 -15"><span class='ocrx_word' id='word_1_335' title='bbox 50 3618 208 3685; x_wconf 74' lang='lat' dir='ltr'><strong>⁰⁰mootos</strong></span> <span class='ocrx_word' id='word_1_336' title='bbox 221 3657 249 3671; x_wconf 90' lang='lat'><strong>-=</strong></span> <span class='ocrx_word' id='word_1_337' title='bbox 262 3638 346 3683; x_wconf 86' lang='lat' dir='ltr'><strong>coloro</strong></span> <span class='ocrx_word' id='word_1_338' title='bbox 368 3636 413 3683; x_wconf 88' lang='lat' dir='ltr'><strong>ohe</strong></span> <span class='ocrx_word' id='word_1_339' title='bbox 434 3637 529 3683; x_wconf 80' lang='lat' dir='ltr'><strong>fossero</strong></span> <span class='ocrx_word' id='word_1_340' title='bbox 551 3638 583 3682; x_wconf 85' lang='lat' dir='ltr'><strong>du</strong></span> <span class='ocrx_word' id='word_1_341' title='bbox 604 3644 672 3683; x_wconf 83' lang='lat' dir='ltr'><strong>tanto</strong></span> <span class='ocrx_word' id='word_1_342' title='bbox 693 3653 739 3693; x_wconf 86' lang='lat' dir='ltr'><strong>per</strong></span> <span class='ocrx_word' id='word_1_343' title='bbox 759 3640 843 3684; x_wconf 81' lang='lat' dir='ltr'><strong>valore</strong></span> <span class='ocrx_word' id='word_1_344' title='bbox 865 3654 878 3684; x_wconf 89' lang='lat' dir='ltr'><strong>e</strong></span> <span class='ocrx_word' id='word_1_345' title='bbox 900 3655 944 3694; x_wconf 89' lang='lat' dir='ltr'><strong>per</strong></span> <span class='ocrx_word' id='word_1_346' title='bbox 966 3641 1078 3685; x_wconf 81' lang='lat' dir='ltr'><strong>iscienua.</strong></span> <span class='ocrx_word' id='word_1_347' title='bbox 1097 3665 1122 3672; x_wconf 89' lang='lat'>-</span> 
     </span>
     <span class='ocr_line' id='line_1_39' title="bbox 48 3680 1122 3764; baseline 0.005 -15"><span class='ocrx_word' id='word_1_348' title='bbox 48 3680 296 3764; x_wconf 52' lang='lat' dir='ltr'><strong>Africanorum,</strong></span> <span class='ocrx_word' id='word_1_349' title='bbox 317 3707 371 3753; x_wconf 72' lang='lat' dir='ltr'><strong>oieb</strong></span> <span class='ocrx_word' id='word_1_350' title='bbox 390 3708 414 3752; x_wconf 90' lang='lat' dir='ltr'><strong>di</strong></span> <span class='ocrx_word' id='word_1_351' title='bbox 433 3709 460 3755; x_wconf 85' lang='lat' dir='ltr'><strong>P.</strong></span> <span class='ocrx_word' id='word_1_352' title='bbox 474 3709 587 3754; x_wconf 78' lang='lat' dir='ltr'><strong>Cornelio</strong></span> <span class='ocrx_word' id='word_1_353' title='bbox 607 3709 721 3763; x_wconf 82' lang='lat' dir='ltr'><strong>Scipione</strong></span> <span class='ocrx_word' id='word_1_354' title='bbox 740 3710 872 3755; x_wconf 78' lang='lat' dir='ltr'><strong>l&#39;Africuno</strong></span> <span class='ocrx_word' id='word_1_355' title='bbox 892 3725 905 3756; x_wconf 91' lang='lat' dir='ltr'><strong>e</strong></span> <span class='ocrx_word' id='word_1_356' title='bbox 925 3712 949 3756; x_wconf 88' lang='lat' dir='ltr'><strong>di</strong></span> <span class='ocrx_word' id='word_1_357' title='bbox 969 3712 994 3755; x_wconf 91' lang='lat' dir='ltr'><strong>P.</strong></span> <span class='ocrx_word' id='word_1_358' title='bbox 1009 3712 1122 3756; x_wconf 81' lang='lat' dir='ltr'><strong>Cornelio</strong></span> 
     </span>
     <span class='ocr_line' id='line_1_40' title="bbox 43 3763 1121 3835; baseline 0.004 -13"><span class='ocrx_word' id='word_1_359' title='bbox 43 3763 163 3831; x_wconf 56' lang='lat' dir='ltr'><strong>‚Plione</strong></span> <span class='ocrx_word' id='word_1_360' title='bbox 182 3777 301 3824; x_wconf 71' lang='lat' dir='ltr'><strong>Africano</strong></span> <span class='ocrx_word' id='word_1_361' title='bbox 313 3778 447 3834; x_wconf 76' lang='lat' dir='ltr'><strong>Emilieno‚</strong></span> <span class='ocrx_word' id='word_1_362' title='bbox 461 3779 478 3824; x_wconf 92' lang='lat' dir='ltr'><strong>il</strong></span> <span class='ocrx_word' id='word_1_363' title='bbox 492 3779 573 3834; x_wconf 90' lang='lat' dir='ltr'><strong>primo</strong></span> <span class='ocrx_word' id='word_1_364' title='bbox 592 3780 633 3826; x_wconf 91' lang='lat' dir='ltr'><strong>dei</strong></span> <span class='ocrx_word' id='word_1_365' title='bbox 654 3781 721 3835; x_wconf 83' lang='lat' dir='ltr'><strong>quali</strong></span> <span class='ocrx_word' id='word_1_366' title='bbox 743 3781 811 3826; x_wconf 89' lang='lat' dir='ltr'><strong>vinse</strong></span> <span class='ocrx_word' id='word_1_367' title='bbox 826 3783 948 3827; x_wconf 84' lang='lat' dir='ltr'><strong>Annibale</strong></span> <span class='ocrx_word' id='word_1_368' title='bbox 963 3796 978 3827; x_wconf 83' lang='lat' dir='ltr'><strong>a</strong></span> <span class='ocrx_word' id='word_1_369' title='bbox 992 3782 1067 3826; x_wconf 82' lang='lat' dir='ltr'><strong>Zama</strong></span> <span class='ocrx_word' id='word_1_370' title='bbox 1081 3783 1121 3827; x_wconf 92' lang='lat' dir='ltr'><strong>nel</strong></span> 
     </span>
     <span class='ocr_line' id='line_1_41' title="bbox 40 3824 1132 3906; baseline 0.004 -14"><span class='ocrx_word' id='word_1_371' title='bbox 40 3824 162 3903; x_wconf 36' lang='lat' dir='ltr'><strong>&#39;&#39;⁰²40&#39;AE</strong></span> <span class='ocrx_word' id='word_1_372' title='bbox 172 3865 185 3893; x_wconf 81' lang='lat' dir='ltr'><strong>o</strong></span> <span class='ocrx_word' id='word_1_373' title='bbox 194 3849 212 3893; x_wconf 92' lang='lat' dir='ltr'><strong>il</strong></span> <span class='ocrx_word' id='word_1_374' title='bbox 227 3849 334 3896; x_wconf 82' lang='lat' dir='ltr'><strong>secondo</strong></span> <span class='ocrx_word' id='word_1_375' title='bbox 347 3848 467 3897; x_wconf 85' lang='lat' dir='ltr'><strong>distrusse</strong></span> <span class='ocrx_word' id='word_1_376' title='bbox 482 3851 614 3906; x_wconf 74' lang='lat' dir='ltr'><strong>cartagine</strong></span> <span class='ocrx_word' id='word_1_377' title='bbox 623 3853 664 3898; x_wconf 92' lang='lat' dir='ltr'><strong>nel</strong></span> <span class='ocrx_word' id='word_1_378' title='bbox 673 3855 816 3900; x_wconf 52' lang='grc'><strong>608446-</strong></span> <span class='ocrx_word' id='word_1_379' title='bbox 833 3852 860 3899; x_wconf 90' lang='lat' dir='ltr'>M</span> <span class='ocrx_word' id='word_1_380' title='bbox 865 3855 993 3900; x_wconf 75' lang='lat' dir='ltr'><strong>culmos·</strong></span> <span class='ocrx_word' id='word_1_381' title='bbox 1000 3867 1063 3901; x_wconf 70' lang='lat' dir='ltr'><strong>utut,</strong></span> <span class='ocrx_word' id='word_1_382' title='bbox 1076 3851 1132 3898; x_wconf 62' lang='lat' dir='ltr'><strong>c&#39;xo‘o</strong></span> 
     </span>
    </p>
   </div>
   <div class='ocr_carea' id='block_1_8' title="bbox 0 0 1287 4236">
    <p class='ocr_par' dir='ltr' id='par_1_10' title="bbox 0 0 1287 4236">
     <span class='ocr_line' id='line_1_42' title="bbox 0 0 1287 4236; baseline 0 0"><span class='ocrx_word' id='word_1_383' title='bbox 0 0 1287 4236; x_wconf 95' lang='lat' dir='ltr'><strong> </strong></span> 
     </span>
    </p>
   </div>
  </div>
 </body>
</html>
