2558 4236
254 171 296 211 ou
314 170 460 213 oraroau
477 170 538 210 mo.
559 171 594 224 11,
614 168 684 210 aar.
704 170 814 219 vr-vn,
835 171 925 220 suaso
1079 159 1128 211 127

46 276 107 342 Sed
131 297 191 342 our
212 271 399 361 impedimus
420 274 604 341 Antonium?
627 275 711 341 ouius
727 275 817 341 audio
832 294 897 341 esse
915 286 1026 360 partes
1043 287 1077 342 ut
1092 276 1129 341 de

46 390 110 444 tota
134 378 313 463 eloquentia
335 378 473 454 disserat,
488 397 643 463 quemque
657 378 719 443 iam
735 377 852 443 dudum
874 387 905 442 et
920 377 1004 442 Cotta
1019 390 1049 444 et
1065 378 1130 444 Sul-

46 481 147 567 picius
172 486 343 567 exspectat?
389 479 447 566 ligo
469 499 553 556 vero,
576 480 677 565 inquit
700 479 832 557 Crassus,
850 481 1128 565 requerimoniam
1156 491 1189 562 27

46 584 186 650 verbum
207 582 305 648 faeere
326 583 427 668 patiar
448 591 478 647 et
500 583 565 667 ipse
583 582 798 660 obmutescam,
816 583 873 647 nisi
896 583 982 669 prius
1004 605 1021 648 a
1044 584 1130 649 vobis

46 688 223 772 impetrare
244 724 295 750 -.
320 686 494 769 Quidnam?
517 686 618 772 inquit
647 684 779 752 Catulus.
810 685 847 751 Ut
872 685 919 751 bie
941 685 1005 750 sitis
1021 685 1128 751 'bodie

46 788 140 866 Tum,
166 808 236 853 rum
260 788 311 852 ille
334 787 496 864 dubitaret,
521 788 602 872 quod
617 787 655 852 ad
678 788 803 853 fratrem
825 789 1017 874 promiserat,
1062 789 1129 876 Ege,

46 892 154 978 inquit
177 889 281 968 lulius,
297 911 354 975 pro
368 899 499 975 utroque
517 890 698 975 respondeo:
723 891 765 956 sio
786 891 945 969 lariemus;
969 903 1059 977 atque
1075 892 1130 956 ista

46 994 180 1080 quidem
202 992 388 1071 condicione,
418 994 467 1058 vel
495 1003 528 1057 ut
555 993 684 1058 verbum
714 995 835 1059 nullum
863 994 984 1072 faceres,
1012 1015 1062 1059 me
1090 1006 1131 1060 te-

47 1117 151 1162 neres.
200 1095 252 1160 llic
274 1095 397 1161 Catulus
418 1094 539 1173 adrisit;
563 1107 592 1160 et
615 1095 726 1160 simul:
751 1095 895 1173 Praesta,
919 1097 1029 1181 inquit,
1052 1098 1129 1162 mibi
1158 1105 1191 1156 28

47 1199 180 1284 quidem
209 1209 254 1263 est
285 1197 442 1272 dubitatio,
473 1199 618 1283 quoniam
648 1219 748 1283 neque
778 1198 859 1263 domi
889 1199 1074 1283 imperaram
1101 1211 1131 1266 et

50 1303 111 1379 bia,
136 1301 220 1386 apud
243 1321 335 1386 quem
357 1321 442 1366 eram
457 1300 586 1376 iuturus,
611 1301 676 1366 siue
700 1321 767 1366 mea
789 1303 938 1366 sententia
963 1313 1024 1367 tam
1045 1303 1131 1370 iaoile

50 1404 204 1490 promisit.

94 1506 175 1572 Tum
197 1526 305 1571 omnes
326 1507 427 1572 oeulos
450 1506 481 1570 in
498 1506 663 1571 Antonium
677 1506 884 1586 conlaterana
902 1507 1007 1583 atille,
1024 1507 1133 1573 Audite

56 1630 137 1686 rero,
162 1594 275 1685 audite,
299 1608 408 1693 inquit.
432 1607 593 1674 Hominem
609 1609 692 1674 enim
708 1609 837 1676 audietis
859 1609 897 1674 de
916 1610 1017 1675 schola
1041 1621 1130 1695 atque

57 1711 239 1798 amagistro
262 1721 292 1775 et
314 1709 434 1777 Graecis
456 1711 565 1776 litteris
587 1710 752 1777 eruditum.
777 1712 810 1776 Et
832 1712 1008 1797 eoquidem
1024 1715 1131 1798 loquar

60 1814 269 1890 confidentius
292 1813 374 1898 quod
389 1813 512 1881 Catulus
527 1813 648 1879 auditor
669 1815 799 1892 accessit,
815 1815 862 1880 oui
880 1835 941 1880 raon
957 1816 1056 1881 solum
1077 1837 1131 1881 uos

65 1912 153 1980 Latini
176 1916 337 1994 sermonis,
368 1916 421 1982 sed
450 1917 541 1983 etiam
569 1916 679 1989 Graeci
703 1917 760 2003 ipsi
791 1904 889 1983 solent
912 1938 983 1985 suae
1009 1919 1131 2006 linguae
1192 1936 1199 1947 ·

71 2018 256 2084 subtilitatem
278 2019 522 2106 elegantiamque
543 2019 715 2086 concedere.
762 2020 830 2098 Sed,
855 2022 926 2106 quia
949 2032 1049 2087 tameu
1075 2023 1131 2088 bor
1157 2036 1190 2087 29

75 2127 164 2198 totum,
188 2121 339 2207 quidquid
361 2132 414 2200 est,
432 2123 496 2188 sive
512 2122 674 2188 artificium
690 2123 754 2188 sive
770 2123 905 2189 studium
924 2124 1053 2199 dicendi,
1071 2126 1129 2190 nisi

74 2225 177 2289 arcessit
199 2245 242 2302 os,
266 2226 387 2294 nullum
409 2235 596 2311 potestesse,
615 2226 726 2291 docebo
742 2247 804 2304 vos
828 2227 979 2311 discipuli,
993 2227 1033 2303 id,
1050 2226 1130 2311 quod

71 2317 127 2404 ipse
146 2347 207 2393 non
230 2327 332 2404 didici,
355 2327 429 2412 quid
451 2327 489 2393 de
504 2329 587 2393 omni
604 2349 716 2414 genere
732 2328 879 2414 [dicendil
895 2330 1034 2395 sentiam.
1079 2330 1131 2395 llia
1157 2341 1190 2393 :te

46 2428 254 2516 'posteaquam
277 2429 462 2507 amiserunt,
486 2430 542 2495 Res
564 2431 642 2495 mibi
666 2431 884 2508 videturesse,
908 2432 1017 2516 inquit,
1042 2432 1130 2498 laoul-

59 2529 123 2619 iate
142 2535 306 2618 praeclara,
336 2541 401 2597 arte
426 2532 595 2599 mediocris.
624 2535 679 2597 Ars
706 2535 789 2599 enim
815 2555 921 2599 earum
945 2555 1049 2599 rerum
1075 2547 1129 2614 est,

83 2666 363 2681 *N—--<-.-———-

103 2719 172 2776 Cap.
192 2724 268 2768 vn.
290 2745 317 2754 -—
337 2724 391 2767 26.
412 2723 608 2777 impedimus
626 2743 651 2756 =
672 2736 720 2767 non
745 2723 861 2767 laseiumo
885 2724 991 2776 parlare.
1015 2748 1041 2753 —
1064 2738 1131 2768 esse

46 2788 99 2828 θα
113 2795 170 2837 rtea
233 2806 317 2839 essere
332 2793 481 2847 particolare
497 2793 622 2838 attributo.
637 2793 699 2837 l'edi
715 2799 773 2838 nota
788 2808 803 2837 a
818 2799 827 2844 ἕ
845 2798 875 2838 to.
890 2818 915 2825 -
938 2799 966 2838 et
989 2794 1081 2839 Cotta
1103 2800 1131 2839 et
1172 2791 1176 2800 “

46 2847 106 2926 8·ss
117 2860 227 2914 inicius
246 2864 433 2918 exspectata
447 2863 477 2908 Se
486 2863 529 2918 pilr
540 2865 647 2917 soggettt
658 2878 701 2909 sou
712 2865 838 2917 oongiuuti
849 2866 972 2910 mediante
982 2867 1004 2910 le
1013 2867 1130 2919 congiun-

46 2928 130 2972 zuoni
141 2935 284 2980 correlative
299 2938 366 2989 et-et,
384 2947 492 2987 neo-neo,
507 2947 521 2979 o
539 2934 656 2987 disgiunti
673 2935 796 2980 mediante
812 2936 835 2979 le
852 2935 1001 2988 disgiuutire
1018 2940 1132 2991 ortt-out,

46 2995 156 3060 ”el-vel,
171 3007 187 3051 il
201 3006 332 3060 predicato
347 3018 450 3050 comune
465 3005 588 3050 ooneorda
603 3006 641 3050 ool
657 3008 770 3058 suggette
785 3005 828 3059 piu
843 3006 930 3050 vioiuo.

131 3092 177 3140 ²7.
194 3095 487 3140 dubitaret-stesso
502 3094 603 3148 incerto,
618 3093 728 3138 esitasse.
743 3118 768 3124 -
784 3095 824 3138 ad
841 3096 987 3150 fratrem
1008 3098 1130 3149 promt-

46 3155 62 3184 ⁸
73 3161 160 3210 erat.
173 3165 333 3211 Promittere
348 3166 384 3209 ad
398 3165 514 3220 aliquem
529 3178 624 3218 oppure
647 3166 682 3209 ad
696 3179 784 3209 cenam
801 3166 869 3210 vale:
885 3169 994 3210 arooettor
1008 3165 1100 3209 l'inrito
1116 3182 1130 3210 a

50 3222 156 3289 psallo,
166 3236 210 3280 ebe
221 3234 339 3280 Cicerone
355 3234 461 3288 asprirue
476 3234 553 3278 auehe
569 3248 614 3279 oon
624 3236 756 3279 condicere
771 3236 860 3280 alicui.
872 3258 898 3265 —
909 3249 925 3279 a
933 3239 963 3289 tq
971 3249 1006 3279 rte
1024 3236 1098 3281 isto.
1108 3273 1126 3283 ..

50 3290 85 3358 ’Ὗ
97 3303 113 3332 ‘³
128 3303 251 3351 teneres
261 3326 288 3340 ==
303 3319 319 3350 e
331 3305 363 3350 mi
385 3305 505 3349 riterresti
521 3310 583 3358 teca,
597 3305 674 3353 auehe
697 3319 722 3349 se
738 3313 765 3350 tu
787 3306 809 3349 oi
830 3306 929 3360 ponessi
945 3311 1033 3359 questa
1048 3307 1131 3350 condi-

50 3359 135 3425 z¹⁰fl01
148 3377 201 3422 eioe
217 3376 242 3420 di
258 3389 307 3421 uon
320 3375 449 3431 profferire
463 3389 574 3429 nappure
590 3391 639 3420 uua
654 3376 750 3421 sillaba.

48 3500 55 3541 l
125 3461 177 3510 28.
191 3465 357 3520 praecisa,
373 3463 405 3508 da
419 3465 549 3518 praecido.
564 3488 589 3494 -
604 3466 818 3520 imperaram,
836 3477 912 3509 aravo
924 3465 980 3509 dato
991 3464 1069 3509 ordini
1085 3480 1130 3519 per

47 3518 76 3615 ‘C
94 3530 163 3581 Qna.
176 3561 204 3567 -
218 3536 421 3581 sortientia·
431 3535 631 3580 eonsentimeuto.
645 3560 672 3565 -
686 3537 723 3580 de
746 3537 875 3588 schola,
890 3536 1072 3590 ironieamente,
1086 3551 1131 3591 per

66 3588 122 3640 '‘⁰ss
144 3607 241 3652 adirete
265 3620 299 3651 un
319 3619 392 3650 uomo
412 3605 456 3650 ehe
478 3619 527 3650 nou
549 3606 561 3650 a
584 3606 674 3650 andalo
697 3606 745 3650 mai
768 3606 799 3650 da
821 3608 928 3651 nraestri.
950 3631 975 3638 —
996 3610 1130 3653 subtili·

46 3641 118 3705 tate
126 3685 190 3721 m-
199 3681 280 3730 gusto,
295 3675 393 3720 flnezza.

46 3800 65 3835 ,e
118 3759 176 3809 29.
193 3777 225 3809 oe
235 3763 351 3808 =iaooia
365 3766 430 3808 tosta
445 3778 458 3808 e
475 3764 566 3810 franca.
581 3765 629 3809 Cfr.
644 3765 661 3817 l,
677 3766 721 3809 175.
732 3764 792 3809 Dice
807 3770 902 3820 questo,
916 3766 1007 3819 percha
1023 3769 1079 3812 vuol
1095 3767 1130 3811 in-

46 3813 160 3934 sigism
176 3830 251 3876 altrui
265 3829 324 3885 quel
338 3829 383 3875 ohe
398 3831 446 3883 egli
462 3833 539 3875 stesso
555 3831 657 3875 afferma
668 3844 714 3876 non
730 3844 789 3875 aver
803 3831 852 3876 moi
868 3832 1063 3887 imparatotipse
1079 3847 1130 3878 raon

126 3912 147 3952 t)

149 3937 154 3946 ο
