2526 4246
234 182 237 187 .
298 123 345 188 'nn
363 150 509 191 ostreno
526 152 587 191 mn.
606 153 628 201 1,
649 152 718 192 car.
738 151 803 206 1-11,
823 148 885 197 §eu
1095 138 1129 191 19

59 353 281 438 clarissimique
302 356 454 420 senserint
475 355 513 420 de
535 357 619 421 omni
643 350 699 422 rai
742 377 760 422 e
785 355 914 421 dicendi.
959 355 1011 421 Vis
1033 355 1126 434 enim,
1155 373 1171 425 5

59 465 92 519 ut
113 454 192 518 mihi
217 476 306 540 saepe
318 456 600 573 wdeqflffllflffl
615 479 693 544 quae
707 458 812 543 pueris
826 451 878 524 aut
895 456 1128 524 adulescentulis

59 556 148 622 uobis
169 577 209 623 ex
230 559 468 670 commentprioli
507 561 619 625 nostris
631 561 818 667 i¹¹⁰⁰ht³tw
832 559 920 625 rudia
939 560 1127 635 exciderunt,

58 659 111 723 vix
131 659 281 723 videatur
296 661 352 726 hac
366 581 567 748 aetdtddlgna
583 673 613 728 et
628 648 766 754 hoddsu,
782 682 872 747 quem
888 682 925 727 eu
941 662 1037 727 causis
1052 681 1127 746 quas
1221 665 1224 669 ’

58 759 205 838 diximus,
216 769 261 826 tot
271 757 422 847 tantisqde
436 764 585 829 consecuti
600 784 714 840 sumus,
730 763 845 849 aliquid
859 763 967 828 iisdem
982 762 1020 827 de
1035 763 1126 828 rebus

58 861 185 947 politius
206 883 223 927 a
245 863 333 928 nobis
353 864 574 949 perfectiusque
588 865 732 951 prolerri;
748 867 885 951 solesque
904 883 1126 948 nonnunquam

60 963 116 1028 hac
137 963 177 1028 de
200 984 265 1030 rea
283 985 333 1030 me
347 964 379 1030 in
395 966 648 1052 disputationibus
664 966 774 1032 nostris
788 963 1056 1078 dimentirgqqrqd
1071 985 1125 1051 ego
1204 984 1211 993 ·

57 1064 336 1132 eruditissimorum
359 1067 520 1134 homiuum
542 1063 657 1135 artibds
679 1068 884 1154 eloquentiam
906 1028 1237 1155 contremiscat-eud*

57 1178 153 1244 tuam,
166 1177 201 1233 tu
213 1178 314 1233 autem
325 1169 410 1234 illam
425 1170 463 1235 ab
478 1171 626 1257 elegantia
641 1170 795 1236 doctrinae
806 1168 1022 1256 segregandam
1037 1178 1092 1253 put
1167 1164 1243 1270 sqq]

57 1270 142 1335 etin
166 1269 298 1354 quodam
321 1272 435 1357 ingenii
458 1282 548 1357 atque
569 1272 792 1338 exercitationis
813 1291 925 1358 genere
939 1179 1170 1363 ponendjffl
1197 1258 1201 1265 ’

101 1372 141 1436 dc
151 1371 230 1435 milti
243 1371 365 1456 quidem
377 1393 596 1460 saepenumero
608 1373 639 1438 in
653 1393 788 1439 summos
800 1371 939 1438 homines
953 1392 987 1437 ac
997 1371 1124 1437 suminis
1149 1377 1167 1430 6

33 1472 192 1557 ingeniis
212 1473 364 1558 praeditos
385 1473 516 1541 intuenti
538 1475 747 1561 quaerendum
773 1495 838 1540 esse
854 1474 963 1549 ¹visum
985 1483 1030 1538 est
1051 1473 1124 1558 quid

56 1586 146 1651 essct,
169 1596 224 1641 cur
245 1577 349 1660 plures
370 1576 402 1641 in
424 1577 567 1643 omnibus
581 1578 707 1652 artibus,
722 1596 814 1661 quam
829 1576 862 1640 in
877 1575 1013 1652 dicendo,
1031 1575 1126 1640 admi·

59 1677 172 1742 rabiles
194 1676 385 1744 exstitissent.
408 1677 492 1757 Nam,
516 1699 706 1764 quocumque
731 1689 763 1744 te·
786 1679 889 1743 animo
903 1688 934 1743 et
947 1678 1125 1763 cogitatione

58 1779 256 1857 converteris,
278 1783 446 1865 permultos
468 1783 648 1846 excellentes
671 1781 704 1844 in
730 1782 862 1866 quoque
875 1800 986 1867 genere
1007 1779 1124 1845 videbis

60 1899 122 1945 nou
144 1879 344 1947 mediocrium
366 1883 487 1963 artium,
504 1884 555 1948 sed
571 1904 666 1969 prope
689 1883 901 1979 maximarum.
946 1882 1020 1966 Quis
1041 1883 1124 1946 enim
1150 1895 1166 1945 7

60 1991 114 2058 est,
138 1981 200 2067 qui,
224 1982 248 2048 si
270 1984 422 2050 clarorum
437 1984 597 2050 hominum
612 1960 769 2050 sc'i'ehti‘ain
791 2004 894 2050 rerum
928 1994 1061 2050 estarum
1076 1984 1124 2047 vel

60 2084 191 2149 utilitate
212 2085 261 2148 vel
282 2085 492 2169 magnitudine
514 2085 614 2151 metiri
637 2085 721 2162 velit,
743 2106 806 2151 non
828 2004 992 2171 adltdddriat
1013 2084 1124 2150 oratori

61 2185 301 2282 imperatorem?
328 2186 402 2269 Quis
434 2197 534 2252 autem
557 2187 684 2264 dubitet,
706 2186 781 2272 quin
805 2187 876 2252 belli
898 2187 989 2253 duces
1009 2207 1046 2251 ex
1071 2188 1126 2251 hac

64 2307 124 2351 una
145 2286 265 2351 civitate
285 2289 557 2372 praestantissimos
571 2309 669 2375 paene
687 2288 936 2365 innumerabiles,
952 2288 1125 2355 indicendo

60 251 140 334 quod
164 250 304 336 requiris,
327 262 539 340 utcognoscas
561 275 639 340 quae
653 255 867 456 νίὥῖῑηηὶωη
885 252 1125 339 eloquentissimi

131 2489 161 2532 5.
176 2501 210 2532 ecc
226 2488 520 2542 commentariolie;
529 2482 980 2551 commentariolum(sotucolccmcn)
991 2485 1004 2531 ὲ
1015 2486 1030 2528 11
1041 2489 1125 2533 nostro

65 2557 128 2601 libro
142 2557 173 2602 de
187 2556 305 2611 apparu,
318 2558 445 2613 teocuino,
459 2557 522 2603 libro
542 2558 566 2602 di
587 2556 685 2602 ricordi:
699 2555 745 2609 oui
759 2556 780 2601 si
799 2568 908 2601 accenne
928 2557 1046 2610 nll'opere
1059 2555 1126 2601 Rhe·

65 2627 147 2670 torc'ca
161 2626 185 2670 di
199 2627 324 2679 Cicerone,
337 2641 370 2673 un
384 2640 428 2672 suo
442 2627 527 2672 lavoro
541 2626 673 2680 giovenile,
686 2625 730 2670 che
745 2625 843 2671 sembra
859 2639 945 2671 cresse
960 2626 1074 2670 condotto
1089 2639 1144 2677 se·,

65 2696 143 2741 condo
157 2697 165 2740 i
178 2696 293 2750 principii
308 2697 333 2741 di
346 2697 488 2750 Erma‘gore.
501 2697 642 2750 Dell’opere
652 2695 733 2748 compl
747 2696 793 2741 soli
808 2695 854 2741 duc
864 2695 928 2750 libri,
938 2696 982 2741 ohe
993 2696 1128 2742 chiemensi

67 2768 97 2810 de
110 2768 260 2821 truncatione,
273 2767 364 2821 porche
378 2768 512 2820 regioneno
528 2771 637 2821 oppunto
653 2766 718 2810 delle
732 2767 957 2812 muterieoraloria.
971 2766 1128 2822 Quintiliano,

67 2837 97 2890 11,
112 2840 143 2890 15,
155 2841 175 2891 6,
189 2851 297 2883 eecenne
311 2851 356 2883 con
370 2838 393 2883 le
402 2837 514 2891 seguenci
528 2838 614 2891 parole
625 2837 648 2881 el
658 2849 720 2889 poco
735 2836 937 2890 complacimento
952 2838 996 2881 ohe
1011 2837 1128 2882 Cicerone

67 2921 174 2960 provere
186 2921 232 2962 per
246 2908 398 2963 quell'operc
411 2919 467 2953 suo:
481 2908 659 2960 inrhetorc'cie,
674 2919 737 2960 quoe
746 2909 802 2951 cine
813 2908 889 2951 dubio
903 2908 960 2961 ipae
966 2920 1018 2951 non
1024 2909 1129 2962 probat.

68 3001 93 3008 -
106 2991 174 3032 usu,
188 2978 290 3032 pericia.
302 3002 329 3010 -
343 2980 425 3034 quod
446 2991 534 3033 cao...
547 2978 739 3033 ponendam.
757 2977 874 3021 Cicerone
893 2991 935 3022 ere
954 2977 1062 3022 d'avviso
1084 2978 1128 3022 che

68 3048 216 3102 l’eloquenze
229 3047 376 3094 consistesse
391 3048 415 3093 in
423 3062 472 3092 una
479 3047 620 3101 cognitione
633 3046 772 3091 universale
781 3047 805 3090 di
815 3051 876 3091 tutte
884 3047 908 3090 lo
916 3047 980 3091 belle
989 3046 1018 3091 ed
1034 3047 1129 3091 erudite

29 3106 34 3125 '
69 3117 114 3162 arti
127 3131 140 3162 e
154 3118 260 3170 scienze;
274 3118 379 3163 leddovo
393 3119 410 3163 il
424 3118 523 3163 fratello
534 3117 623 3171 Quinto
632 3117 720 3160 volero
730 3117 880 3170 distinguere
895 3117 1047 3170 l'eloquenzn
1062 3116 1129 3161 della

70 3187 180 3241 dottrinm
194 3201 207 3233 e
222 3189 306 3242 quella
319 3188 438 3242 riponerc
456 3189 481 3232 in
495 3202 544 3232 una
558 3188 623 3232 cotol
638 3186 767 3232 attitudine
783 3187 913 3246 d'Ingegno
931 3186 1063 3240 congiunta
1080 3189 1130 3231 col-

70 3261 198 3307 l‘esercizio
213 3262 253 3306 del
267 3262 327 3306 dire.
340 3285 366 3292 —
380 3262 545 3317 elegantia
567 3261 747 3314 doctrinae,
769 3273 842 3305 sono:
861 3260 896 3312 gli
917 3258 982 3304 studi
1001 3259 1128 3304 scientifici

71 3331 194 3384 superiori.
207 3355 233 3364 —
247 3333 280 3378 in
301 3334 473 3387 quodam...
501 3344 620 3386 genere.
640 3331 661 3374 Il
676 3329 748 3375 Sorof
766 3330 844 3375 scrive
859 3329 904 3374 che
918 3327 955 3374 cio
971 3328 984 3374 ὸ
999 3329 1065 3375 detto
1080 3344 1128 3375 non

72 3397 143 3446 senno
154 3416 186 3447 un
200 3407 266 3448 certo
281 3403 415 3456 dispregio.

133 3490 165 3534 0.
179 3490 211 3534 in
231 3488 685 3536 cummoe...intuenti.1ntueor
699 3487 723 3531 in
737 3500 808 3533 senso
823 3487 935 3541 figurato,
949 3498 1017 3532 come
1032 3487 1082 3540 qui,
1096 3489 1129 3533 lm

73 3568 88 3601 o
99 3554 117 3603 11
129 3560 244 3613 complice
258 3572 309 3604 acc.
321 3572 335 3604 0
349 3560 417 3604 l'acc.
426 3560 539 3615 conin,e
550 3559 613 3603 vale:
630 3557 752 3611 guerdare
768 3572 790 3602 u.
802 3580 829 3588 -
843 3569 904 3601 non
918 3557 1129 3602 mediocrium

73 3628 200 3684 ortium,
221 3632 274 3674 ced
291 3643 393 3684 prope
413 3631 631 3674 maximarum
644 3646 671 3661 -
684 3640 733 3672 non
747 3640 808 3681 pure
822 3627 887 3671 nelle
902 3626 950 3671 erti
965 3626 989 3670 di
1005 3627 1083 3671 minor
1097 3629 1129 3671 ri·

73 3694 134 3743 liow
146 3710 190 3753 per
202 3714 234 3745 uu
251 3701 369 3750 Romano.
383 3713 450 3744 come
460 3701 484 3744 le
495 3699 594 3752 musice,
604 3699 629 3743 le
638 3696 732 3752 poesia,
741 3699 766 3742 le
775 3697 943 3751 grammatice,
952 3696 996 3741 ohe
1007 3697 1032 3742 in
1042 3702 1129 3751 questo

72 3766 252 3825 munima
266 3772 313 3823 212,
328 3769 451 3814 chlamerd
471 3770 605 3816 leviore...
622 3768 721 3822 studia,
737 3782 776 3812 mc
793 3766 870 3811 anche
884 3767 948 3810 nelle
962 3765 1006 3820 piu
1028 3768 1130 3821 occelse‚

75 3844 138 3883 tono
151 3838 214 3885 uella
227 3840 341 3894 militare,
356 3840 422 3884 nelle
437 3838 600 3895 mammutius,
613 3837 679 3882 nelle
694 3836 823 3883 medicine.
