2526 4246
247 166 289 206 mc
306 165 453 208 outcome
469 166 532 206 nm.
551 166 600 216 111,
620 164 690 207 cnr.
709 165 809 215 ιιι-ιν,
829 165 920 216 s1o14
1065 150 1115 203 267

46 271 187 356 pueritiae
208 271 409 338 efflorescenti
432 271 513 338 ferro
539 281 644 358 erepta
666 271 729 337 vita
755 281 800 337 est
822 279 852 336 et
875 290 974 357 poena
996 271 1116 336 temeri-

46 374 109 440 atis
133 394 197 440 non
218 373 285 440 sine
306 394 418 461 magno
440 375 484 441 rei
500 373 640 461 publicae
655 376 736 441 malo
751 373 923 440 constituta.
968 372 1027 459 Ego
1042 393 1115 439 vero
1142 388 1178 440 12

46 497 78 553 ze,
102 475 220 554 Crasse,
243 496 312 543 cum
335 477 416 543 vitae
440 477 515 543 llere
537 487 603 543 tum
627 477 734 542 mortis
760 463 988 562 opportunitate
1010 475 1115 541 divino

46 579 167 644 :cnsilio
189 589 219 645 et
241 589 344 646 ortum
365 589 395 644 et
417 581 601 646 exstinctum
619 600 684 645 esse
710 579 852 644 arbitror.
880 577 955 643 Nam
982 577 1038 643 tibi
1063 588 1116 642 aut

46 701 97 766 pro
119 680 235 748 virtute
257 681 353 747 animi
368 681 597 767 constantiaque
612 692 664 747 tua
682 681 781 747 civilis
796 680 870 746 ferri
886 679 1043 746 subeunda
1059 679 1116 746 luit

46 782 206 848 :rudelitas
228 794 293 862 aut,
316 784 342 849 si
364 805 424 869 qua
446 794 476 851 te
498 784 620 850 fortuna
647 784 686 850 ab
708 783 864 849 atrocitate
886 783 994 847 mortis
1019 782 1116 847 vindi-

46 896 146 964 :asset,
168 886 276 952 eadem
298 907 363 953 esse
384 897 415 954 te
436 886 580 954 funerum
603 888 720 974 patriae
742 896 943 973 spectatorem
958 884 1114 972 coegisset;

46 1009 143 1073 neque
165 990 265 1055 solum
286 989 342 1055 tibi
364 989 577 1076 improborum
594 989 779 1064 dominatus,
798 987 851 1054 sed
873 989 967 1054 etiam
988 999 1116 1074 propter

46 1089 212 1156 admixtam
233 1092 346 1158 civium
363 1092 485 1159 caedem
512 1093 664 1159 bonorum
687 1091 813 1158 victoria
841 1091 973 1157 maerori
1001 1091 1114 1157 suisset.

85 1194 147 1261 IV.
179 1193 253 1259 Mihi
275 1194 409 1280 quidem,
426 1194 538 1279 Quinte
553 1195 656 1270 irater,
672 1205 702 1260 et
717 1214 825 1261 eorum
840 1215 935 1270 casus,
952 1193 1116 1279 dequibus
1143 1202 1180 1256 13

45 1306 113 1361 ante
136 1295 210 1374 dixi,
233 1307 262 1362 et
284 1317 329 1375 ea,
352 1317 430 1384 quae
452 1307 570 1363 nosmet
597 1297 655 1383 ipsi
683 1297 721 1362 ob
744 1316 880 1362 amorem
908 1296 940 1361 in
973 1317 1039 1361 rem
1062 1318 1115 1381 pn-

46 1397 154 1463 blicam
178 1398 388 1465 incredibilem
414 1410 444 1465 et
469 1400 655 1487 singularem
684 1399 868 1485 pertulimus
895 1418 928 1462 ac
949 1398 1114 1471 sensimus,

46 1500 186 1588 cogitanti
208 1502 358 1568 sententia
380 1522 470 1590 saepe
492 1514 542 1569 tua
565 1524 637 1568 vera
660 1523 694 1567 ac
708 1501 829 1588 sapiens
845 1500 944 1566 videri
960 1502 1045 1578 solet,
1063 1502 1114 1586 qui

47 1613 170 1690 propter
196 1613 257 1682 tot,
283 1614 383 1671 tantos
408 1615 471 1671 tam
497 1605 738 1691 praecipitesque
764 1624 849 1669 casus
877 1603 1115 1669 clarissimorum

49 1704 207 1771 bominum
222 1716 313 1793 atque
326 1707 513 1794 optimorum
532 1708 670 1774 virorum
686 1728 736 1772 me
751 1726 872 1792 semper
890 1706 929 1771 ab
948 1706 1032 1772 omni
1049 1727 1116 1772 con-

50 1808 181 1874 tentione
202 1829 237 1875 ac
257 1808 450 1876 dimicatione
472 1810 568 1876 animi
584 1810 740 1876 revocasti.
786 1808 854 1885 Sed,
872 1809 1017 1893 quoniam
1042 1808 1116 1874 baec
1143 1820 1176 1873 11

50 1908 106 1977 iam
118 1931 218 1998 neque
230 1912 262 1978 in
274 1912 392 1999 integro
405 1913 492 1978 nobis
504 1934 568 1979 esse
579 1923 707 2000 possunt
719 1923 748 1977 et
760 1911 872 1978 summi
883 1912 1003 1978 labores
1018 1912 1113 1977 nostri

49 2032 154 2101 magna
176 2015 363 2100 compensati
384 2015 478 2102 gloria
495 2016 684 2102 mitigantur,
707 2035 870 2101 pergamus
892 2015 930 2080 ad
946 2035 981 2079 ea
997 2015 1115 2091 solacia,

48 2134 122 2202 quae
144 2136 206 2181 non
233 2115 324 2182 modo
356 2117 467 2183 sedatis
492 2117 639 2183 molestiis
676 2116 820 2193 iucunda,
838 2117 907 2220 'sed
930 2117 1022 2181 etiam
1046 2117 1116 2182 bae-

45 2330 134 2381 natu,
154 2326 241 2380 purdi
263 2327 416 2382 quell'anno.
431 2349 456 2358 -
472 2339 578 2381 poena
602 2326 802 2371 temeritatis
825 2337 887 2370 nori
909 2324 980 2368 eicie
1003 2337 1119 2378 mapale

45 2399 90 2442 rei
104 2397 256 2453 publicae
278 2397 371 2452 malo,
390 2396 482 2451 perohb
497 2397 582 2446 Mario,
598 2401 695 2442 tornato
712 2396 829 2449 d'Africo,
847 2395 900 2440 fece
919 2393 1037 2439 vendotto
1052 2394 1118 2440 dello

45 2477 120 2518 morte
135 2471 161 2517 di
175 2472 218 2518 lui.
232 2472 297 2518 Note
310 2472 375 2517 nelle
389 2472 486 2526 parole:
501 2473 620 2517 concine
629 2485 761 2526 mayoc...
778 2471 850 2515 malo
865 2471 890 2515 la
904 2461 1019 2530 λιτότης.

109 2566 157 2609 12.
172 2577 241 2609 cum
260 2565 346 2610 vitae
365 2565 453 2620 flore
472 2583 497 2600 =
512 2578 526 2610 o
545 2564 590 2608 cho
605 2564 626 2608 si
640 2564 752 2617 riguerdi
766 2564 791 2608 lo
806 2563 923 2618 splendor
937 2563 1004 2608 delle
1019 2563 1078 2608 vito.
1092 2587 1118 2594 —

45 2635 152 2680 cicilie
167 2635 256 2690 ferri
273 2636 443 2680 subeunda
457 2636 527 2690 fuit
545 2634 1119 2689 crudelitas:evrestidovutoperiremi-

44 2714 181 2751 aeramenta
201 2718 247 2759 per
265 2719 337 2751 mano
356 2705 571 2751 de'ooncittadini.
589 2705 654 2751 Note
672 2705 717 2750 obe
736 2704 761 2748 in
781 2709 869 2759 questo
886 2704 967 2758 primo
985 2710 1057 2760 porte
1077 2705 1116 2749 del

44 2775 158 2820 dilemma
176 2775 194 2820 il
212 2775 340 2831 predicato
355 2776 455 2821 verbale
471 2775 484 2821 ὸ
499 2775 629 2820 eoll'indio.
642 2788 688 2829 per
704 2775 815 2820 indicare
835 2776 860 2820 la
876 2777 1012 2831 necessita,
1026 2776 1119 2830 perche

45 2859 130 2891 manoe
143 2845 273 2900 repedent,
282 2844 335 2891 edd
347 2847 370 2891 nl
386 2846 501 2901 perlecto,
510 2846 601 2900 perone
616 2846 637 2890 si
653 2846 763 2890 riferisce
775 2847 797 2890 el
809 2851 917 2900 possete.
928 2871 953 2877 —
967 2848 996 2891 si
1016 2861 1087 2901 qua.
1096 2883 1114 2892 ..

44 2917 180 2969 fortuna
198 2916 406 2969 vindicasset,
425 2917 570 2963 eadem...
589 2917 757 2971 coepisset.
781 2916 859 2961 Notisi
880 2916 984 2970 periodo
999 2917 1120 2971 ipotetioo

45 2987 109 3033 della
122 2992 192 3033 terna
206 2987 323 3042 muniere,
337 2987 402 3033 della
416 2987 468 3033 cosi
483 2987 551 3033 detto
564 2989 697 3032 irrealitd.
713 2987 763 3031 Con
778 2991 866 3041 questo
880 2987 996 3041 pensiero
1012 2988 1032 3032 si
1047 2988 1119 3031 vieno

45 3073 58 3102 a
79 3058 132 3104 dire
154 3057 199 3103 che
220 3057 246 3103 t'u
268 3057 367 3111 miglior
387 3063 491 3103 venturo
511 3072 557 3113 per
578 3058 666 3103 Crasso
687 3058 711 3101 di
733 3071 801 3101 esser
823 3062 908 3102 morto.
933 3081 959 3087 -
981 3062 1121 3112 proptor

45 3130 234 3175 admietam.
253 3141 303 3174 ecc.
321 3128 426 3174 Ordine:
441 3134 553 3184 prepter
567 3130 672 3173 caedem
686 3130 781 3173 ciclum
796 3129 945 3172 cdnzirtam
958 3128 1121 3180 (ogginntosil

44 3200 233 3255 ‹improborem
248 3200 447 3251 dominatui).—
462 3201 615 3245 bonorum
636 3200 748 3244 victori
754 3213 778 3251 α,
792 3200 816 3242 lo
831 3197 931 3242 vitteria
948 3197 986 3241 de'
996 3198 1042 3242 ben
1061 3212 1120 3251 pen-

45 3271 114 3324 santi,
129 3269 183 3316 oioo
197 3269 380 3324 de’partigieni
395 3270 419 3314 di
435 3270 501 3323 Silla,
517 3284 530 3314 o
546 3270 586 3314 del
601 3269 693 3324 partito
710 3269 776 3322 degli
793 3268 906 3313 ottimnti.

89 3376 164 3430 (lap.
180 3376 332 3421 ltu-18.
347 3376 574 3421 incredibilem
593 3379 621 3419 et
640 3375 848 3429 simularem.
862 3373 911 3418 cto.
925 3373 945 3418 si
960 3372 1086 3426 complace
1096 3374 1121 3418 in

46 3445 87 3499 piu
102 3446 186 3499 luoghi
202 3446 227 3491 di
237 3446 307 3491 unire
322 3446 404 3500 questi
419 3459 475 3498 agg,
484 3469 510 3476 —
520 3444 688 3490 Incredibilis
702 3464 728 3480 =
741 3446 821 3499 pidem
835 3456 967 3498 superans
979 3461 1005 3479 =
1018 3443 1121 3488 chonon

46 3516 65 3560 si
78 3516 128 3570 pub
143 3517 244 3562 credere
259 3529 273 3562 o
288 3515 456 3569 immaginure.
472 3539 498 3546 —
512 3516 626 3571 praeci
631 3516 755 3570 pices...
773 3533 799 3549 =
814 3514 928 3559 rovinosi.
943 3537 969 3545 -
984 3527 1080 3558 cestre

47 3586 174 3641 accidenti,
187 3587 267 3633 morti.
283 3610 308 3619 -
325 3588 486 3632 revocasti
501 3606 526 3622 =
541 3585 695 3638 consigliesti
711 3585 735 3629 di
751 3585 853 3630 tenernri
869 3586 985 3639 lonton03
1000 3585 1120 3638 consiglio

47 3656 90 3702 che
101 3657 307 3710 sgrezietamente
323 3657 371 3702 Cic.
385 3671 434 3702 non
449 3657 526 3710 segul.
540 3657 637 3710 Quanto
653 3670 668 3700 e
683 3656 850 3700 dimicatione
865 3655 950 3700 animi
963 3655 1019 3700 vedi
1028 3669 1033 3700 :
1043 3655 1124 3700 Brevi

47 3731 104 3772 note
123 3729 229 3774 criticbe
243 3742 258 3773 a
272 3731 360 3783 questo
375 3728 517 3782 paragrafo.

112 3819 160 3864 14.
174 3832 284 3875 neque,
298 3819 393 3864 avverti
409 3820 433 3863 lo
448 3819 614 3864 correlozione
625 3831 670 3862 con
686 3821 714 3862 et
728 3817 773 3861 che
788 3816 1025 3873 segue‚risolren‹lo
1041 3830 1124 3871 neque

49 3887 72 3934 in
87 3893 172 3937 einen
185 3889 279 3944 (Cimo).
294 3913 319 3922 —
335 3891 366 3935 in
389 3891 516 3945 iretepro
538 3890 630 3935 nobie
649 3907 675 3924 =
695 3888 720 3933 in
733 3893 819 3933 nostro
836 3892 935 3943 potens.
948 3910 975 3918 —
990 3888 1131 3930 liceren-
