2558 4236
202 194 245 233 ou
262 192 409 235 ouercam
426 193 489 233 rus.
508 193 556 243 111,
577 192 646 234 ane.
666 192 829 247 omn—ux,
848 192 966 244 san-mo
1075 176 1127 229 363

178 299 298 364 Iterum
327 299 466 384 Tlepestes
483 300 615 364 Atreum
637 300 844 364 adtractatum
867 299 999 376 advenit,

180 401 300 466 lteram
317 403 382 467 iam
397 402 581 486 adpreditur
596 422 644 466 me
658 412 685 465 et
699 402 838 486 parietum
855 401 1032 465 eesuscitat:

149 546 152 552 ·
180 504 284 570 Maior
305 505 387 569 mibi
406 506 508 582 moles,
527 505 631 569 maius
653 504 873 568 miscendumst
893 503 1026 579 malum,

10 586 16 633 '¹
184 607 249 689 Qui
261 608 348 672 illius
366 606 512 672 acerbum
530 628 581 671 cor
597 608 788 671 aautuudam
803 617 830 671 et
845 605 1059 688 comprimam.

46 761 143 828 Aliud
165 763 316 847 voluptas,
332 760 463 827 ellusum
486 771 515 826 et
537 771 690 837 tenerum,
706 760 872 826 hilaratum
894 780 927 825 aa
949 759 1126 824 remissum:

115 897 184 963 Sed
201 898 262 963 sibi
281 899 353 963 cum
376 899 473 963 tetulit
494 918 639 963 eoronam
663 897 698 962 ob
722 897 900 981 colipcmdas
922 897 1059 979 nuptias,

124 1001 197 1066 Tibi
213 1000 338 1086 ferebat,
362 1021 433 1065 crem
455 1000 623 1065 simulabat
643 1022 674 1065 se
695 1000 756 1065 sibi
775 1001 840 1065 iam
862 1001 944 1083 sacas
967 1000 1051 1075 dare,

125 1104 207 1169 Tum
229 1104 272 1168 ad
293 1113 319 1168 te
342 1102 519 1168 ludibunda
541 1104 623 1167 docte
645 1114 671 1167 et
694 1103 817 1167 delicate
840 1103 956 1167 detulit.

10 1330 14 1345 ¹,
50 1258 144 1324 uiuo
166 1256 321 1322 molestia:
344 1256 411 1321 sine
433 1255 696 1321 commiseratione
717 1276 810 1342 grave
833 1256 987 1342 quoddam
1015 1266 1045 1322 et
1067 1276 1129 1322 uno

10 1366 25 1423 ;'
50 1380 164 1447 pressu
186 1378 220 1423 ao
241 1378 315 1424 sono
337 1357 518 1423 obductum:

10 1464 26 1549 i·
98 1491 171 1574 Qua
185 1501 354 1574 tempestate
368 1491 464 1564 Paris
481 1489 632 1555 Helenam
648 1491 788 1573 innuptis
811 1491 916 1554 iuuerit
937 1490 1065 1572 areptiis,

10 1618 13 1663 ;
37 1594 40 1599 ’
94 1595 163 1680 Epo
175 1605 241 1659 tum
251 1594 393 1678 prouida,
407 1594 531 1675 expletis
541 1594 607 1657 ium
618 1595 686 1677 fere
697 1593 740 1657 ad
750 1593 943 1677 pariendum
953 1591 1109 1656 mensibus
1116 1614 1128 1668 ;

98 1696 164 1762 Per
178 1697 262 1761 idem
277 1707 395 1780 tempus
409 1696 607 1780 Polydorum
620 1695 746 1760 Hecuba
757 1706 855 1779 partu
867 1706 1020 1779 postremo
1032 1695 1128 1778 parit.

10 1830 12 1837 ⁵
96 1846 195 1915 LlX.
217 1845 333 1912 Omnes
348 1856 450 1913 autem
473 1847 528 1911 hos
551 1857 651 1912 motus
666 1846 809 1931 subsequi
824 1845 914 1912 debet
936 1855 1046 1931 gestus,
1064 1864 1127 1910 non
1154 1853 1206 1908 220

10 1962 12 2039 ξ
49 1951 104 2016 hic
125 1949 221 2015 verba
243 1949 420 2034 exprimens
443 1948 604 2028 scaenicus,
628 1948 681 2015 sed
707 1949 884 2014 universam
915 1968 980 2013 rem
1009 1958 1039 2013 et
1061 1968 1127 2013 sen-

47 2053 183 2120 tentiam
205 2071 268 2117 non
290 2051 560 2128 demonstratione,
584 2051 636 2117 sed
658 2050 878 2136 significatione
900 2050 1067 2127 declarans,
1088 2052 1129 2115 la-

52 2279 69 2325 I
69 2283 190 2328 terum.
200 2290 250 2323 ecc.
260 2277 332 2322 Versi
343 2277 480 2322 dell'Atreo
491 2276 514 2320 di
525 2276 608 2322 Accio.
618 2299 643 2306 -
655 2277 890 2324 adtractatum.
905 2289 959 2329 sup.
968 2275 1000 2320 du
1010 2276 1131 2321 adtracto

49 2364 64 2395 o
75 2350 203 2402 adtracto,
211 2347 394 2403 frequentativo
409 2347 434 2391 di
449 2347 570 2398 adtrahe,
585 2359 598 2391 e
613 2346 680 2391 vole:
695 2359 740 2400 per
754 2350 833 2391 tratre
850 2359 914 2399 seco,
924 2359 970 2400 per
984 2346 1131 2392 solleeitore.

48 2422 146 2471 -(mc)
157 2419 299 2474 quietum
313 2417 633 2463 exsuscitat=turbail
643 2417 690 2462 mio
701 2417 792 2471 riposo.
802 2417 1132 2462 -misceudumetllti-

47 2504 124 2538 scere
138 2490 181 2545 qui
191 2490 258 2534 vole:
272 2489 370 2535 moliri.
380 2489 428 2534 Clr.
439 2488 487 2533 Cia.
497 2489 526 2532 iu
535 2488 565 2532 L.
579 2487 664 2542 aucit,
672 2488 714 2540 tv,
723 2490 743 2541 3,
752 2490 777 2533 6:
787 2501 839 2543 epo.
848 2523 866 2535 ..
881 2491 905 2532 et
918 2500 984 2532 noua
999 2488 1132 2542 quaedam

48 2562 160 2609 misceri
180 2564 205 2606 et
225 2562 352 2606 concitari
368 2561 445 2605 mala
462 2561 519 2604 iam
537 2560 643 2614 pridem
667 2559 794 2604 videbam.
812 2582 838 2591 -
863 2559 922 2613 Qrci
939 2577 965 2594 =
986 2563 1016 2603 ut
1037 2572 1087 2613 epa.
1105 2583 1132 2590 —

51 2633 219 2687 valuptas,
234 2630 308 2684 gioia.
323 2654 349 2660 —
363 2629 423 2674 Sed
442 2629 515 2682 sibi,
531 2642 580 2674 eoo.
596 2628 644 2674 Son
658 2628 724 2673 versi
739 2627 875 2673 tetrametri
895 2628 997 2673 troaaioi
1012 2629 1067 2674 tolti
1082 2642 1131 2674 nou

49 2703 186 2758 sappiamo
200 2701 232 2746 du
246 2701 320 2755 qualo
334 2700 478 2746 commedio.
491 2700 555 2744 Pare
569 2699 614 2744 cho
629 2699 650 2744 si
667 2698 736 2744 tratti
756 2699 780 2743 di
798 2712 848 2743 una
867 2698 1002 2744 cerimonia
1023 2699 1130 2748 moniale,

50 2774 78 2819 in
93 2772 135 2818 aui
147 2785 199 2817 una
212 2771 330 2817 fanaiulla
345 2771 477 2825 dapprimu
491 2771 517 2815 lo
527 2773 578 2815 utto
594 2769 619 2814 di
628 2774 714 2824 partor
723 2783 769 2823 per
778 2768 805 2814 se
815 2770 840 2813 la
854 2782 945 2815 corona
960 2783 973 2814 e
987 2770 1012 2814 la
1028 2769 1132 2816 fioacola

48 2843 160 2897 naaion,
173 2857 214 2888 ma
226 2843 268 2897 poi
283 2843 306 2887 le
321 2855 400 2896 porge
412 2841 624 2886 soherzosamente
634 2840 667 2885 ud
681 2840 804 2886 un'amico
817 2839 913 2893 (Cimo).
926 2841 1076 2886 —tetulit
1090 2841 1131 2886 eil

49 2928 112 2961 vero
122 2912 232 2968 perfetta
246 2912 402 2967 reduplicato
417 2912 442 2957 di
452 2913 520 2966 sero,
529 2912 569 2956 del
584 2912 659 2966 quale
668 2911 713 2967 piu
727 2910 792 2958 tardi
802 2911 822 2956 si
832 2911 877 2956 uso
892 2911 975 2965 quello
986 2911 1130 2957 abbreviato

49 2986 81 3032 in
94 2985 155 3038 tuti,
162 2984 269 3039 perduto
279 2984 296 3028 il
307 2983 537 3037 ruddoppiomento.
545 3007 572 3013 -
582 2983 687 3037 calipa
696 2983 777 3027 udas
790 2995 832 3027 uu
836 2982 889 3036 pti
894 2995 936 3034 ae,
951 2982 975 3027 lo
985 2986 1063 3027 stesso
1074 2982 1130 3026 clio:

49 3055 237 3110 cauiupaudas
245 3055 363 3110 nuptias.
372 3078 398 3084 -
409 3054 592 3098 ludibunda
608 3054 696 3098 docte
705 3072 731 3090 =
741 3067 786 3098 oon
795 3055 893 3097 accorto
904 3052 953 3096 riso
963 3051 1005 3101 (du
1017 3052 1097 3096 ludus
1104 3071 1130 3088 =

49 3126 136 3181 giaco,
149 3124 267 3174 schemo).
280 3148 306 3155 -
320 3136 382 3169 uuo
398 3136 518 3178 pressu
537 3137 572 3168 ac
590 3136 666 3168 eouo
685 3124 854 3168 abductum
868 3141 895 3158 =
910 3120 965 3166 d'un
987 3123 1023 3167 sol
1044 3125 1130 3167 tenore

49 3210 66 3244 e
83 3209 169 3242 suono.
184 3218 209 3225 -
228 3194 293 3251 Qua
307 3198 511 3249 tempestate,
527 3207 577 3239 eac.
591 3194 639 3239 Son
653 3193 719 3238 versi
733 3193 799 3238 forse
815 3191 962 3237 dell'Ila'cua
976 3192 1001 3236 di
1014 3192 1132 3247 Pacuvio,

48 3265 194 3315 tancmari
212 3265 322 3310 trocoioi.
344 3288 371 3295 -
394 3265 597 3319 iuuccptte...
626 3265 769 3319 nuptiis.
795 3263 929 3319 Inuuptae
953 3264 1063 3318 nuptiae
1086 3278 1130 3309 son

49 3336 139 3393 quelle
154 3335 199 3381 che
214 3340 306 3381 cautra
320 3337 363 3379 iue
375 3337 470 3389 sasque
481 3336 572 3389 factae
585 3339 661 3389 suut;
676 3348 688 3379 e
704 3334 748 3378 toli
763 3346 821 3378 eron
836 3333 919 3387 quelle
934 3333 959 3377 di
979 3333 1070 3378 Paride
1084 3347 1131 3379 con

48 3408 142 3460 Elone,
159 3405 251 3460 perche·
266 3407 291 3450 le
303 3406 359 3459 ropl
373 3405 455 3450 oh'era
469 3405 565 3459 d’oItro,
580 3405 604 3448 di
619 3405 775 3449 Menelao-
790 3404 851 3450 Per
869 3405 952 3448 idem
971 3408 1095 3459 tempus
1105 3425 1131 3441 =

49 3479 146 3525 eadem
159 3479 275 3531 tempore
289 3495 315 3512 =
330 3490 401 3521 verso
416 3477 440 3520 lo
451 3479 529 3520 stesso
540 3478 631 3529 tempo.
640 3499 665 3506 -
676 3475 878 3530 Polydorum
890 3473 921 3518 H
923 3475 1026 3520 oculta.
1040 3475 1132 3528 Esuba,

48 3549 121 3604 dopo
137 3548 267 3593 Polissena
282 3562 295 3592 e
310 3547 367 3592 altri
382 3547 478 3601 figlioli‚
496 3546 559 3593 ebbe
576 3559 621 3601 per
634 3546 721 3591 ultimo
736 3545 804 3599 figlio
819 3549 911 3601 (partu
921 3544 1066 3600 postremo)
1085 3545 1131 3589 Po·

47 3619 146 3673 Ilduro,
160 3617 205 3663 che
221 3618 244 3663 le
260 3618 285 3663 lu
300 3618 384 3663 ucciso
400 3617 441 3662 dal
456 3631 482 3662 re
498 3616 522 3661 di
537 3617 626 3661 Trosio
639 3617 808 3662 Polimestore.
829 3616 876 3660 Per
898 3620 986 3669 questo
1008 3615 1131 3668 leggenda

48 3688 171 3736 consultu
185 3688 289 3734 Hecuba
303 3688 328 3732 di
344 3688 463 3742 Euripide
479 3701 492 3733 e
508 3687 603 3742 ovidio,
616 3687 807 3741 Metamorsosi‚
820 3686 889 3740 XIII,
899 3688 938 3730 399
952 3699 965 3730 e
980 3699 1050 3739 segg.

96 3785 468 3839 cap.L1x.—uuu.non
487 3784 537 3829 liic
552 3784 649 3828 verba
666 3783 851 3838 exprimeres
868 3784 1129 3827 scaenicus=non

49 3856 97 3912 git
113 3867 182 3901 come
198 3855 255 3910 quel
270 3854 315 3900 cho
331 3854 351 3899 si
366 3869 412 3899 risa
427 3855 491 3899 sulla
505 3867 586 3908 scena,
601 3853 739 3907 espressivo
755 3852 835 3905 d’ogni
850 3853 945 3906 parole.
958 3875 985 3883 -
999 3866 1060 3897 uou
1080 3854 1129 3896 da-

50 3927 304 3980 monstratione,
321 3927 377 3970 ead
394 3926 648 3981 stputftaatiaue
668 3944 695 3962 =
715 3937 767 3971 non
779 3924 819 3971 eol
832 3928 1031 3980 saoosesensoss
1043 3923 1143 3974 &some
