2526 4246
233 109 275 147 on
292 108 439 149 enecone
457 109 518 149 nm.
533 109 581 158 111,
597 107 665 149 cnr.
678 109 855 159 xanv-xxv,
869 112 881 160 s
895 110 974 154 94-100
1083 95 1135 150 305

66 211 184 278 fastidio
200 213 332 299 quodam
348 225 378 279 et
394 213 531 280 satietate
548 212 767 280 abalienemur.
784 214 904 298 Quanto
918 216 1054 279 colorum
1069 217 1137 300 pul-

63 315 215 382 critudine
231 326 262 382 et
274 317 421 383 varietate
437 317 594 383 floridiora
608 327 680 383 sunt
695 316 727 381 in
743 317 868 403 picturis
886 317 974 386 noris
987 319 1135 403 pleraque

61 438 153 504 quam
177 419 209 484 in
232 419 400 486 veteribus!
427 440 505 506 quae
526 429 639 497 tamen,
664 420 782 485 etiamsi
804 421 906 506 primo
921 420 1064 505 adspectu
1080 440 1135 484 nos

59 535 218 610 ceperunt,
241 525 356 591 diutius
379 545 441 590 non
465 526 631 604 delectant3
655 546 725 591 cum
748 525 841 590 iidem
866 546 922 590 nos
948 525 980 589 in
1002 524 1136 608 antiquis

61 625 175 692 tabulis
197 626 251 692 illo
273 627 339 712 ipso
363 627 488 693 horrido
511 628 706 713 obsoletoque
727 637 897 694 teneamur.
921 626 1040 710 Quanto
1062 629 1136 691 mol-

60 729 154 795 liores
177 739 249 795 sunt
271 740 300 794 et
322 729 512 796 delicatiores
534 729 565 794 in
588 739 679 795 cantu
694 730 842 796 flexiones
859 739 890 796 et
904 730 996 796 salsae
1011 731 1135 794 voculae

59 852 154 916 quam
177 843 277 898 certae
299 843 329 898 et
347 836 483 899 severae!
509 833 619 918 quihus
633 842 737 898 tamen
752 855 814 899 non
829 833 920 900 modo
936 832 1058 909 austeri,
1072 833 1134 911 sed,

59 935 84 999 si
108 935 231 1020 saepius
254 935 347 1012 fiunt,
370 935 535 1001 multitudo
563 935 627 1021 ipsa
650 938 804 1001 reclamat.
850 936 929 1002 Licet
952 937 1009 1001 hoc
1029 935 1134 1001 videre
1159 954 1203 1008 99'

60 1036 93 1101 in
110 1036 240 1122 reliquis
255 1037 403 1115 sensibus,
420 1037 584 1125 unguentis
602 1037 705 1104 minus
719 1038 772 1104 diu
788 1059 843 1104 nos
858 1038 1000 1105 delectari
1016 1059 1134 1104 summa

59 1149 90 1203 et
113 1138 264 1204 acerrima
286 1140 433 1206 suavitate
455 1139 600 1216 conditis,
624 1161 715 1225 quam
740 1140 787 1206 his
803 1141 967 1207 moderatis
989 1152 1018 1205 et
1040 1140 1136 1227 magis

60 1240 192 1317 laudari,
217 1240 296 1326 quod
320 1262 421 1307 ceram
443 1227 536 1327 quam
565 1241 647 1326 quod
677 1262 797 1308 crocum
818 1244 901 1308 olere
923 1242 1078 1320 videatur;
1102 1242 1135 1306 in

61 1343 129 1429 ipso
145 1353 225 1409 tactu
240 1364 306 1410 esse
320 1345 447 1410 modum
463 1354 493 1410 et
507 1344 710 1410 mollitudinis
725 1354 755 1410 et
776 1344 916 1410 levitatis.
940 1344 1020 1426 Quin
1044 1344 1136 1410 etiam

60 1454 209 1532 gustatus,
221 1447 274 1531 qui
289 1457 335 1512 est
349 1466 457 1513 sensus
471 1467 508 1512 ex
521 1448 664 1512 omnibus
675 1447 808 1512 maxime
820 1446 1009 1532 voluptarius
1023 1444 1136 1530 quique
1203 1510 1206 1515 .

61 1548 253 1614 dulcitudine
274 1560 396 1635 praeter
418 1560 533 1616 ceteros
548 1570 655 1616 sensus
668 1559 886 1626 commovetur,
903 1570 995 1636 quam
1017 1548 1074 1613 cito
1094 1548 1135 1625 itl,

63 1649 147 1734 quod
168 1651 258 1717 valde
280 1651 368 1717 dulce
390 1662 445 1730 est,
461 1663 644 1737 aspernatur
659 1673 693 1717 ac
706 1651 835 1737 respuit!
861 1651 935 1735 Quis
953 1651 1077 1737 potione
1091 1652 1134 1715 uti

63 1762 115 1818 aut
138 1752 203 1818 cibo
225 1753 307 1820 dulci
322 1753 437 1820 diutius
451 1760 567 1840 potest?
591 1776 659 1820 cunr
674 1765 805 1840 utroque
822 1755 854 1819 in
870 1775 982 1841 genere
997 1775 1042 1832 ea,
1059 1774 1137 1838 quae

65 1855 174 1921 leviter
189 1876 313 1921 sensum
330 1858 486 1942 voluptate
501 1867 653 1933 moveant,
666 1857 809 1923 facillime
827 1857 944 1944 fugiant
958 1856 1135 1922 satietatem.

67 1957 114 2022 Sic
125 1958 268 2024 omnibus
280 1958 311 2023 in
323 1959 416 2025 rebus
427 1958 634 2044 voluptatibus
649 1960 791 2024 maximis
803 1960 957 2026 fastidium
971 1959 1136 2024 linitimum
1164 1975 1215 2028 100

67 2072 124 2140 est;
144 2081 204 2146 quc
227 2061 283 2127 hoc
304 2061 408 2127 minus
423 2061 455 2126 in
471 2062 608 2128 oratione
626 2061 785 2141 miremur,
802 2063 833 2126 in
850 2084 908 2147 qua
924 2065 972 2127 vel
989 2083 1026 2126 ex
1041 2062 1138 2147 poetis

67 2164 115 2228 rel
138 2162 370 2229 exoratoribus
392 2184 554 2249 possumus
577 2163 710 2230 iudicare
735 2165 931 2241 concinnam,
954 2163 1136 2239 distinctam,

65 2445 208 2491 colorum
222 2457 272 2489 oce.
286 2443 358 2489 Nelle
372 2443 466 2497 pitture
482 2442 580 2487 antiche
590 2443 610 2487 si
621 2456 731 2487 usavnno
742 2444 794 2488 solo
805 2447 903 2496 quattro
914 2442 1001 2487 colori:
1016 2442 1032 2485 il
1042 2442 1138 2496 blanco,

65 2514 80 2559 il
95 2515 181 2569 uitello,
195 2515 212 2559 il
226 2527 296 2561 rosso
307 2527 320 2560 e
336 2514 353 2559 il
364 2525 438 2567 ner03
449 2513 511 2557 onde
521 2516 587 2557 v'ere
597 2526 661 2566 poce
671 2513 781 2557 bellezza
791 2527 804 2557 e
815 2513 922 2567 veriettl3
932 2525 981 2556 non
990 2515 1056 2556 v'era
1070 2518 1138 2557 certo

65 2585 89 2630 la
103 2585 170 2630 fosta
184 2585 222 2630 de’
232 2585 309 2630 colori
319 2584 364 2630 che
375 2584 401 2628 fu
411 2584 475 2628 tanti
485 2584 561 2628 secoli
576 2583 600 2627 di
615 2584 657 2637 poi
672 2584 737 2628 nelle
752 2583 845 2637 pitture
861 2584 926 2628 della
936 2582 1026 2627 Scuola
1036 2584 1138 2629 Veneta.

64 2680 91 2686 -
107 2657 237 2701 diutius
258 2673 285 2692 =
304 2670 318 2700 a
338 2656 420 2708 lungo.
439 2678 465 2685 -
486 2655 584 2699 iidem
604 2666 660 2698 noe
682 2673 707 2689 =
721 2667 769 2698 aeos
783 2655 869 2699 iidem.
888 2654 1088 2708 -slexiones
1110 2660 1138 2699 ct

63 2726 176 2778 salsae
190 2727 329 2779 voculae,
344 2739 439 2781 quana
454 2729 561 2770 certae
576 2728 604 2768 et
617 2725 923 2770 severae=itrilliele
932 2725 987 2769 voci
997 2725 1021 2768 in
1032 2725 1140 2780 falsetto,

64 2796 110 2842 che
124 2797 133 2842 i
148 2796 217 2841 tuoni
232 2797 340 2850 regelari
356 2810 368 2841 e
385 2796 462 2850 gravi.
476 2820 502 2826 -
518 2796 644 2840 austeri
658 2815 685 2829 ==
695 2797 718 2840 le
727 2809 833 2849 persone
843 2797 920 2849 gravi.
930 2819 955 2826 -
969 2797 1102 2850 saepiae
1112 2818 1139 2830 ==

63 2874 155 2922 troppo
166 2867 191 2912 di
201 2867 339 2930 frequente.
348 2891 373 2898 -
389 2868 551 2912 reclamat
566 2885 591 2901 =
605 2866 661 2910 levo
670 2879 715 2919 per
726 2866 833 2920 dispetto
848 2868 870 2911 le
886 2867 963 2920 grido.

132 2995 186 3038 09.
202 2993 363 3038 Licet-Si
378 2992 436 3047 pud.
451 3017 476 3024 -
492 2993 673 3046 reliqueritis,
688 2992 824 3046 prosumil
840 2992 913 3036 Greci
927 2991 957 3035 ed
973 2991 980 3034 i
994 2992 1096 3036 Ilomoni
1108 3008 1139 3037 ne

65 3079 178 3110 nsavano
193 3065 218 3109 in
233 3078 294 3118 gran
310 3064 383 3118 eopia
397 3067 435 3108 ne'
450 3063 584 3116 banchetti,
597 3067 634 3106 ne'
649 3063 724 3115 bagni
740 3077 752 3107 e
772 3065 809 3106 ne'
820 3062 932 3106 funerali.
946 3084 971 3091 —
990 3065 1018 3105 ct
1036 3066 1139 3118 niueis

66 3136 216 3189 landari,
236 3136 318 3190 quod
332 3148 437 3180 ceram
453 3147 547 3189 quam
562 3134 643 3186 quod
658 3146 783 3177 crocum
802 3133 887 3176 olere
900 3131 1062 3185 videatur,
1078 3147 1091 3177 e
1106 3148 1139 3177 un

66 3206 182 3260 prosumo
193 3204 238 3251 che
253 3205 343 3260 suppia
357 3205 381 3249 di
396 3218 454 3249 cera
468 3203 531 3259 (eice
547 3203 621 3247 abbio
631 3217 663 3246 un
678 3203 752 3248 odore
768 3201 910 3249 lievissimo)
925 3199 1004 3245 lodosi
1017 3201 1061 3254 pili
1072 3204 1095 3246 di
1106 3218 1139 3247 un

65 3276 111 3321 che
126 3274 196 3320 odori
208 3275 233 3319 di
243 3274 366 3319 zefferono
376 3275 461 3324 (odore
473 3274 548 3319 molto
559 3276 649 3322 acuto).
658 3273 720 3317 Pare
731 3272 776 3316 che
786 3270 866 3316 Plinio
877 3271 900 3313 in
911 3269 958 3313 duo
968 3270 1051 3322 luoghi
1059 3273 1139 3326 (XIII,

66 3348 88 3394 3.
97 3348 132 3390 4e
142 3345 391 3401 xvl1‚5,3)aoeenni
402 3360 417 3389 n
425 3349 513 3398 questo
523 3343 589 3388 detto
600 3343 623 3387 di
635 3343 683 3387 Cic.
693 3342 734 3386 illu
745 3342 801 3395 egli,
810 3341 908 3386 citando
919 3339 984 3384 forse
992 3354 1007 3384 o
1015 3345 1140 3397 memorio,

67 3417 90 3461 lo
105 3415 219 3460 riferisce
234 3415 298 3461 eosl:
312 3415 415 3459 meliora
431 3414 558 3468 (gratiora)
573 3419 699 3467 unguente
713 3419 776 3467 sunt,
787 3425 850 3466 quoe
866 3416 972 3464 terram,
985 3424 1060 3464 quarn
1075 3428 1139 3467 qrroe

67 3499 165 3531 crocum
179 3487 298 3541 sapiunt.
308 3509 333 3517 -
344 3487 441 3531 olere.
455 3485 535 3529 Notisi
549 3485 610 3528 l'uso
625 3485 650 3529 di
666 3489 753 3538 questo
763 3483 838 3527 verbo
849 3480 1002 3526 intransitive
1017 3496 1062 3527 con
1072 3484 1140 3528 l’eco.

67 3556 124 3602 Cosl
134 3557 236 3602 crviene
247 3557 423 3611 specialrnente
439 3557 463 3601 di
479 3556 612 3609 que'verbi
627 3556 672 3600 ohe
688 3554 827 3607 esprimono
842 3551 979 3598 sensorioni
997 3553 1140 3607 spiueevoli.

67 3650 93 3659 -
114 3639 182 3672 esee
202 3628 329 3673 modum
350 3631 377 3671 ei
398 3627 625 3672 mollitudinis
647 3631 675 3671 et
697 3625 845 3669 levitatis
860 3622 1062 3677 :placeretne
1079 3642 1093 3671 a
1108 3642 1140 3670 un

68 3701 135 3742 certo
151 3702 228 3750 punto
243 3698 269 3742 le
283 3697 436 3742 morbidezza
449 3711 462 3741 e
473 3698 497 3740 le
507 3696 667 3750 levigotezzc.
676 3719 702 3726 -
712 3696 851 3739 macinae
865 3694 1084 3751 voluptarius,
1095 3697 1139 3741 elie

68 3766 89 3810 si
103 3765 153 3821 pue
167 3768 212 3822 pto
227 3768 251 3813 di
266 3768 323 3812 tutti
339 3768 486 3812 solletieore.
503 3790 529 3797 -
540 3768 708 3821 facillime
718 3766 853 3820 fuciunt
868 3764 1052 3809 satietatem
1066 3780 1140 3810 :ro-

70 3839 177 3880 rumente
192 3834 324 3890 apportino
340 3833 439 3880 sozietd.
794 3855 795 3858 ¹

107 3981 145 4028 20'
173 3986 313 4033 Cremonis
328 3991 362 4036 de
375 3997 446 4040 orat.
459 3993 597 4050 (Firmani)
611 3996 663 4045 111.
