2526 4246
118 131 170 182 142
486 142 520 180 ur.
540 143 644 182 runnu
662 140 826 183 cronnorns

59 263 93 315 70
119 248 194 335 [raon
218 246 422 333 incommode]
444 267 501 333 per
523 268 555 313 se
578 247 801 333 adsequuntur:
825 285 867 293 —
895 245 1038 312 similiter
1059 245 1180 312 arbitror

118 351 150 415 in
175 351 230 415 bac
252 350 315 414 sive
339 349 455 414 ratione
477 349 542 415 sive
564 349 779 415 exercitatione
801 347 932 426 dicen'di,
948 348 1002 434 qui
1024 348 1109 413 illam
1124 347 1178 412 vim

119 454 246 539 adeptus
269 453 315 531 sit,
340 464 373 518 ut
396 472 503 518 eorum
526 463 653 530 mentes
677 453 729 537 qui
753 462 805 517 aut
827 452 866 517 dc
888 472 922 518 re
944 451 1067 537 publica
1081 462 1130 517 aut
1149 449 1180 515 de

120 556 214 643 ipsius
238 555 329 621 rebus
351 565 403 620 aut
425 554 462 619 de
478 555 524 630 iis,
541 564 644 620 contra
661 575 736 639 quos
752 564 804 619 aot
822 575 879 639 pro
894 554 1006 640 quibus
1021 553 1107 631 dicat,
1122 572 1180 618 cum

119 659 220 744 aliqua
244 657 396 723 statuendi
412 667 559 743 potestate
575 657 710 733 audiant,
726 656 764 721 ad
781 676 871 721 suum
887 656 1051 722 arbitrium
1071 674 1181 721 morere

120 762 222 846 possit,
247 761 335 826 illurn
358 760 396 825 de
418 771 480 825 toto
503 760 555 825 illo
583 779 695 847 genere
722 760 912 845 reliquarum
934 759 1108 825 orationum
1128 777 1179 822 non

120 867 191 950 plus
214 865 423 950 quaesiturum
451 885 525 941 esse,
550 864 623 949 quid
652 863 739 940 dicat,
763 883 856 948 quam
887 862 1069 948 Polyclitum
1093 862 1180 934 illum,

121 987 189 1031 cum
213 967 371 1032 Herculem
389 967 530 1052 fingebat,
548 966 836 1051 quemadmodum
857 967 973 1051 pellem
996 976 1049 1031 aut
1065 964 1179 1052 hydram

123 1070 260 1155 lingeret,
285 1069 378 1133 eliam
401 1070 424 1132 si
450 1070 523 1134 baec
546 1089 706 1154 nunquam
726 1068 891 1154 separatim
914 1068 1012 1133 lacere
1032 1067 1179 1133 didicisset.

59 1176 92 1229 71
165 1171 281 1236 xvn.
304 1170 381 1236 Turn
405 1170 540 1236 Catulus:
567 1171 722 1236 Praeclare
745 1171 821 1235 mibi
846 1170 975 1247 videris,
998 1169 1118 1246 Antoni,
1140 1188 1180 1254 po·

121 1274 225 1351 suisse,
255 1274 363 1359 inquit,
391 1284 461 1339 ante
487 1276 588 1339 oculos
615 1274 690 1359 quid
719 1273 834 1339 discere
860 1283 1015 1359 oporteret
1037 1293 1115 1350 eum,
1137 1269 1179 1356 qui

120 1387 221 1440 orator
243 1385 321 1441 esset
344 1376 473 1451 futurus,
493 1375 577 1460 quid,
594 1377 686 1440 etiam
704 1377 728 1439 si
746 1395 806 1439 non
824 1375 986 1451 didicisset,
1000 1396 1037 1440 ex
1053 1395 1097 1452 eo,
1110 1372 1177 1460 quod

121 1477 281 1556 didicisset,
298 1478 481 1544 adsumeret.
506 1477 665 1543 Deduxisti
689 1478 773 1542 enim
796 1488 893 1543 totum
909 1479 1069 1543 bominem
1084 1478 1113 1542 in
1131 1475 1179 1540 duo

119 1602 230 1665 genera
260 1584 359 1646 solum
390 1600 559 1656 causarum,
591 1591 690 1645 cetera
722 1579 959 1645 innumerabilia
983 1576 1176 1645 exercitationi

120 1694 149 1748 et
171 1683 364 1747 similitudini
395 1682 554 1767 reliquisti.
585 1681 644 1747 Sed
675 1682 775 1746 videto
799 1701 838 1746 ne
861 1681 892 1745 in
917 1681 982 1746 istis
1007 1682 1122 1748 duobus
1141 1698 1178 1766 ge-

121 1786 245 1850 neribus
270 1785 367 1868 hydra
390 1785 444 1848 tibi
469 1785 506 1848 sit
528 1794 558 1848 et
581 1785 680 1869 pellis,
706 1783 848 1849 llercules
862 1793 965 1849 autem
981 1794 1012 1850 et
1027 1785 1085 1851 alia
1100 1800 1178 1868 opera

122 1886 236 1950 maiora
264 1886 295 1948 in
324 1885 385 1948 illis
410 1885 508 1960 rebus,
533 1906 608 1970 quas
630 1885 858 1971 praetermittis,
880 1886 1104 1972 relinquantur.
1126 1883 1179 1949 Non

121 1988 204 2052 enim
221 1987 296 2051 mibi
314 1987 416 2051 minus
432 1988 532 2072 operis
548 1988 671 2054 videtur
686 1988 724 2054 de
739 1989 891 2054 universis
910 1989 1075 2076 generibus
1091 2005 1180 2054 rerum

121 2110 213 2173 qriarn
236 2089 274 2155 de
296 2091 485 2176 singulorum
508 2091 604 2156 causis
627 2113 660 2156 ac
683 2092 778 2156 multo
801 2092 894 2156 etiam
917 2091 1017 2158 maius
1033 2092 1071 2158 de
1086 2101 1181 2157 natura

60 2199 94 2251 72
122 2191 249 2258 deorum
265 2213 356 2278 quam
373 2193 410 2257 de
427 2193 588 2258 bominum
607 2193 711 2258 litibus
727 2192 836 2258 dicere.
882 2192 946 2258 Non
966 2205 1013 2260 est
1028 2195 1079 2277 ita,
1096 2191 1182 2279 inquit

121 2297 277 2361 ⁴lntonius.
306 2296 411 2361 Dicam
442 2296 526 2361 enim
553 2296 618 2371 tibi,
649 2295 762 2372 Catule,
787 2315 849 2360 non
873 2306 937 2360 tam
959 2296 1065 2363 doctus
1092 2314 1182 2383 quan,

120 2400 152 2463 id
174 2399 255 2484 quod
278 2409 323 2465 est
338 2399 445 2475 maius,
463 2410 615 2485 expertus.
642 2396 789 2462 Omnium
809 2409 982 2464 ceterarum
1006 2419 1110 2466 rerum
1131 2417 1184 2464 ora-

120 2503 170 2579 tio,
195 2501 392 2579 mihicrede,
416 2501 506 2567 ludus
529 2512 573 2566 est
598 2500 715 2565 bomini
739 2521 800 2565 non
826 2501 928 2567 bebeti
952 2522 1054 2588 neque
1072 2503 1184 2568 inexer-

188 2711 239 2753 70.
255 2709 420 2754 ratione...
438 2706 688 2757 exercitatione;
702 2705 871 2759 magistero...
886 2708 1050 2754 eseroizio.—
1064 2711 1120 2765 qui
1140 2709 1186 2754 aul

120 2781 156 2824 de
175 2779 354 2833 republica,
370 2791 419 2822 ece.
434 2776 537 2822 Ordine:
552 2777 597 2831 qrri
612 2777 725 2820 audient
739 2789 797 2819 eum
809 2776 903 2831 aliqua
912 2782 1046 2832 potestate
1060 2777 1187 2825 ctmuendi

120 2851 255 2894 uuidere
272 2849 383 2904 publica
404 2852 452 2892 aut
474 2849 504 2892 de
522 2849 599 2892 rebus
615 2847 701 2901 ipatus
720 2848 862 2901 (oratoria),
878 2861 929 2893 eoc-
947 2871 968 2879 -
986 2849 1189 2906 Polyclitum.

120 2921 235 2971 scultore,
248 2928 306 2964 nato
322 2934 336 2963 a
351 2919 455 2972 sicione,
470 2919 596 2972 discepolo
612 2917 635 2961 di
651 2916 771 2969 ⁴llgclodu.
786 2918 882 2964 Vivere
896 2920 935 2964 ncl
949 2922 991 2964 432
1005 2921 1061 2967 uc.
1075 2946 1102 2954 -
1116 2922 1147 2968 H
1149 2935 1188 2967 er·

119 2992 231 3036 culeus.
245 2976 265 3034 l}
280 2990 384 3035 l'ldrcole
399 2990 507 3043 Tebano,
520 2989 588 3042 figlio
604 2987 628 3031 di
644 2989 721 3032 diove
737 3003 750 3033 e
766 2988 790 3032 di
808 2989 934 3044 Alcmena,
948 2990 974 3035 di
989 2992 1029 3036 cui
1044 3007 1089 3039 son
1104 2991 1189 3039 celebri

120 3063 142 3106 le
159 3061 239 3106 dodici
254 3061 353 3106 fatiche.
366 3084 393 3092 -
403 3059 525 3115 pellem
547 3064 602 3105 aut
622 3059 760 3113 hydram
778 3060 933 3114 streperet.
948 3062 1003 3107 Una
1014 3061 1079 3108 delle
1090 3065 1189 3118 impreco

120 3133 144 3176 di
159 3133 246 3177 lircole
261 3132 287 3177 fu
302 3132 386 3186 quella
401 3131 582 3176 dell'uoeisione
605 3129 645 3174 del
667 3130 737 3174 leone
759 3129 863 3185 Nomco;
885 3132 992 3177 un'altra
1011 3135 1098 3188 quella
1115 3135 1190 3180 d'aver

120 3205 202 3250 ucciso
211 3204 289 3253 l'idra‚
301 3207 415 3257 serpente
426 3202 493 3247 delle
502 3202 593 3256 palude
604 3200 682 3244 Lerne
692 3200 731 3244 nei
746 3199 825 3253 pressi
837 3200 936 3255 durgo-
948 3202 1005 3257 Oru,
1016 3203 1040 3248 iu
1055 3219 1105 3250 una
1115 3208 1191 3250 statue

120 3280 324 3329 roppresentente
335 3274 422 3319 Eroole
433 3274 522 3319 vestito
533 3273 599 3318 della
609 3272 675 3325 pollo
686 3271 725 3315 del
736 3272 835 3324 leons,c
848 3272 872 3316 in
883 3278 934 3317 atto
943 3272 1082 3321 d'uooidere
1093 3277 1168 3328 l'idra,
1176 3274 1192 3318 il

120 3346 218 3391 difficile
227 3360 271 3391 ero
281 3346 374 3400 scolpir
384 3345 446 3390 beno
457 3345 553 3399 Eroole,
562 3358 610 3389 non
621 3341 713 3386 l’idrce
725 3342 749 3385 la
759 3341 825 3394 pelle
837 3341 877 3386 del
888 3344 1040 3398 leone,parti
1049 3346 1192 3392 accessorio.

161 3435 233 3487 Gap.
248 3434 354 3477 xvn.
368 3457 395 3465 -
411 3434 456 3476 71.
471 3434 559 3487 quid.
573 3433 664 3486 Qiiesto
684 3429 790 3473 secondo
812 3431 877 3482 quid
899 3431 1062 3485 boongiunto
1077 3449 1123 3490 per
1132 3434 1193 3480 asin·

119 3505 184 3549 deto.
204 3527 232 3534 -
253 3505 450 3548 adsumeret.
472 3503 518 3556 Qui
540 3504 708 3548 adsumere
729 3500 797 3544 volo:
819 3499 940 3557 derivare,
962 3502 1077 3550 dedurre.
1099 3506 1194 3551 -De·

121 3575 247 3619 duxisti
269 3594 296 3607 -
319 3573 495 3626 Restringesti.
517 3598 542 3605 -
565 3571 787 3618 similitudini
807 3591 833 3604 =
855 3574 1013 3626 all'enologia
1030 3576 1076 3622 che
1091 3588 1194 3632 possode

119 3643 512 3697 ererecolleeltrequietioni—
527 3645 632 3698 hydra
655 3642 716 3685 tibi
739 3642 783 3686 sit
807 3645 836 3685 et
856 3645 973 3697 pellis,
988 3645 1041 3690 cosi
1056 3647 1070 3692 e
1085 3648 1195 3702 spiegato

119 3716 160 3760 ‹lal
175 3714 319 3759 l'oroellini:
333 3715 391 3758 oide
405 3727 444 3768 ue,
461 3715 492 3758 de
507 3715 620 3759 oratoris
640 3713 719 3767 officio
738 3713 878 3767 disserena,
896 3716 994 3761 leviora
1016 3721 1122 3762 tantum
1136 3717 1195 3762 arct-

118 3787 187 3841 oeris
203 3788 227 3829 et
239 3784 365 3839 faciliora
379 3785 476 3838 (epora
491 3788 514 3829 et
529 3786 627 3839 pellic),
647 3795 678 3826 ea
696 3795 756 3826 cero
775 3795 842 3836 quae
863 3787 976 3830 maioris
995 3790 1122 3834 momenti
1135 3790 1196 3833 aunt

115 3854 256 3904 (Herculeo
272 3858 296 3900 et
311 3855 369 3899 ulia
383 3868 464 3910 opera
479 3856 592 3906 rnaioru)
607 3859 631 3900 et
646 3853 801 3908 difficiliora,
819 3856 947 3901 omiseris.
