2526 4246
116 157 167 209 150
481 170 515 208 u.
535 170 639 209 ruam
659 168 822 211 cronaours

118 274 243 347 facilius,
257 295 349 360 quarn
365 275 508 340 auriolum
526 275 638 339 imitari
658 274 785 341 alicuius
800 285 853 341 aut
867 284 980 340 statum
995 285 1047 341 aut
1060 286 1180 341 motum.

119 378 148 442 Si
173 398 246 443 vero
269 378 361 443 etiam
384 378 483 442 vitiosi
512 378 628 462 aliquid
656 388 710 454 est,
735 378 765 443 id
792 397 914 444 sumere
936 389 967 444 et
989 378 1021 444 in
1043 399 1079 445 eo
1096 377 1183 443 ambi·

122 480 230 545 tiosum
253 500 318 545 esse
341 500 402 544 non
425 500 571 566 magnum
594 491 647 557 est,
664 490 697 546 ut
713 480 775 557 ille,
793 480 843 565 qui
861 481 1064 557 nuncetiam,
1082 481 1183 546 amissa

122 604 202 660 voce,
227 582 300 648 furit
323 584 354 647 in
380 603 411 647 re
433 583 564 668 publiea,
588 583 700 660 Fufius,
724 603 835 649 nervos
858 585 889 649 in
913 584 1042 650 dicendo
1065 583 1094 649 C.
1115 583 1185 648 Fim-

123 686 217 764 briae,
241 707 315 772 quos
332 698 432 749 tamen
450 685 557 750 habuit
572 686 634 762 ille,
652 706 713 750 non
729 686 916 772 adsequitur,
932 687 994 752 oris
1012 687 1186 772 pravitatem

123 799 153 852 et
174 789 337 853 verborum
363 787 730 862 latitudinemimitatur.
755 789 814 853 Sed
839 799 941 854 tamen
966 790 1019 854 ille
1045 809 1100 854 nee
1121 788 1187 853 deli-

123 911 194 976 gere
209 892 304 968 seivit,
320 891 404 956 ouius
419 890 611 974 potissimum
625 891 733 955 similis
748 902 837 968 esset,
854 901 883 957 et
899 893 931 956 in
952 913 989 958 eo
1013 893 1087 978 ipso,
1103 911 1187 976 quem

62 1004 97 1057 92
123 994 285 1079 delegerat,
302 993 416 1058 imitari
432 993 522 1057 etiam
540 995 613 1059 vitia
628 994 733 1060 voluit.
780 994 837 1077 Qui
861 1006 962 1061 autem
987 996 1028 1060 ita
1053 995 1144 1071 saciet,
1161 1003 1187 1060 ut

124 1107 251 1181 oportet,
264 1097 399 1180 primum
419 1095 523 1181 vigilet
535 1117 655 1162 neeesse
670 1106 714 1161 est
729 1097 760 1160 in
777 1095 952 1182 deligenda
970 1097 1091 1175 deinde,
1104 1116 1187 1182 quem

124 1198 270 1284 probarit,
296 1198 327 1261 in
344 1218 388 1273 eo,
413 1218 490 1281 quae
507 1200 641 1263 maxime
656 1199 815 1275 excellent,
832 1219 867 1264 ea
881 1199 1116 1285 diligentissime
1129 1220 1189 1285 per-

126 1306 278 1381 sequatur.

168 1394 248 1478 Quid
270 1395 352 1459 enim
376 1414 482 1457 oausae
504 1396 631 1459 oeusetis
654 1414 727 1471 esse,
745 1414 799 1459 our
821 1405 933 1460 aetates
954 1396 1123 1461 extulerint
1138 1396 1189 1459 sin·

126 1500 214 1585 gulae
236 1498 353 1583 singula
376 1516 472 1580 prope
493 1516 605 1579 genera
627 1496 768 1562 dicendi?
788 1496 874 1580 Quod
896 1518 958 1563 non
983 1508 1045 1562 tarn
1063 1499 1147 1563 laoile
1163 1498 1188 1561 in

128 1602 237 1666 nostris
260 1599 430 1664 oratoribus
452 1618 612 1682 possumus
636 1600 778 1674 iudicare,
802 1601 872 1685 quia
895 1600 1016 1685 scripta,
1034 1601 1190 1686 exquibus

129 1704 272 1768 iudicium
299 1701 365 1767 lieri
387 1712 498 1785 posset,
525 1721 586 1765 non
610 1705 705 1767 multa
728 1723 802 1767 sane
824 1703 1026 1787 reliquerunt,
1051 1723 1142 1789 quam
1163 1704 1189 1767 in

128 1804 257 1880 Graecis,
282 1825 319 1869 ex
347 1823 478 1888 quorum
507 1804 635 1888 seriptis,
663 1805 807 1889 utriusque
836 1805 941 1870 aetatis
971 1827 1050 1891 quae
1079 1803 1188 1872 dicendi

67 1916 101 1969 tt3
129 1908 206 1973 ratio
228 1908 430 1989 voluntasque
453 1905 560 1982 luerit,
585 1907 718 1992 intellegi
746 1917 853 1991 potest.
899 1907 1110 1992 Antiquissimi
1137 1909 1192 1973 lere

130 2019 209 2086 sunt,
234 2028 364 2092 quorum
391 2008 515 2092 quidem
547 2010 657 2093 suipra
684 2019 830 2086 constent,
856 2009 984 2076 Pericles
1013 2023 1106 2096 atque
1128 2009 1192 2075 ttet-

131 2112 234 2178 ltiades
260 2122 290 2176 et
316 2110 422 2175 eadem
452 2122 549 2175 aetate
575 2110 773 2196 Thucydides,
800 2112 940 2189 ,subtiles
971 2113 1062 2190 acuti,
1092 2114 1194 2179 breves

131 2215 348 2300 sententiisque
372 2213 466 2298 magis
488 2233 580 2297 quam
607 2213 708 2277 verbis
737 2212 936 2280 abundantes
961 2213 1027 2279 Non
1055 2205 1194 2301 potuisset

199 2392 247 2434 ol.
263 2390 416 2434 anaieturre
431 2406 456 2418 =
471 2385 487 2428 il
503 2383 574 2428 modo
590 2383 613 2426 di
629 2382 780 2426 aeeonoiarsi
795 2383 819 2427 la
834 2389 898 2437 toga.
913 2409 938 2415 -
953 2389 1078 2431 statam
1091 2394 1198 2438 nameg-

133 2459 264 2510 giarnento.
279 2482 304 2486 —
319 2453 527 2499 amabiliorem
542 2463 620 2502 ease,
635 2449 672 2493 fur
687 2462 915 2502 pompu,mena1·ne
930 2456 1012 2496 vento.
1029 2476 1056 2484 -
1069 2467 1130 2499 non
1144 2466 1198 2498 rara·

132 2538 226 2578 prtum·
241 2527 287 2567 est
343 2535 389 2566 non
404 2518 512 2562 riehiedo
527 2531 560 2560 un
576 2516 668 2569 grande
684 2515 773 2560 studio.
788 2539 815 2546 —
830 2518 918 2570 furit
932 2519 966 2562 in
980 2531 1013 2564 re
1028 2520 1164 2574 publica
1176 2539 1199 2553 .

134 2592 204 2643 stega
223 2590 240 2633 il
256 2603 299 2633 erro
314 2588 397 2632 furore
413 2590 497 2630 oontro
512 2585 536 2628 la
550 2583 702 2638 repubbliou.
717 2607 743 2613 —
756 2581 875 2637 Fusius
894 2584 984 2629 aoeuso
1004 2586 1035 2630 de
1053 2586 1200 2641 repetundis

135 2658 171 2701 tlt.
185 2656 292 2709 Aquilio,
307 2655 351 2699 ohe
367 2654 392 2697 lu
408 2652 485 2696 difeso
501 2653 532 2695 do
546 2651 577 2695 M.
592 2651 698 2696 Antonio
714 2651 751 2694 nel
767 2651 849 2705 osores.
864 2674 889 2681 —
902 2664 1029 2708 aeroas,
1046 2653 1201 2707 t’energtaua

134 2722 208 2765 forza.
229 2745 252 2751 —
275 2719 299 2764 (l.
318 2719 493 2762 Fimbriae.
512 2717 549 2760 Fu
568 2717 670 2761 dieitore
686 2716 709 2759 di
725 2716 819 2769 premio,
833 2730 873 2760 ma
889 2723 979 2771 troppo
995 2719 1112 2772 ardentm
1126 2725 1202 2764 coetu·

135 2802 180 2833 neo
196 2802 208 2831 e
224 2786 365 2831 avversario
380 2785 403 2828 di
419 2785 450 2829 lt.
465 2778 560 2828 Crasso.
575 2784 609 2827 Fu
625 2785 664 2828 nel
679 2783 768 2837 usottot
783 2784 881 2827 console
897 2783 999 2829 insieme
1014 2798 1060 2831 oon
1077 2785 1163 2830 Mario.
1179 2782 1201 2827 Si

136 2855 216 2899 uoeise
232 2855 270 2897 nol
285 2852 367 2906 670184.
385 2875 410 2882 -
428 2852 494 2895 orio
511 2852 712 2904 pravitatem
731 2870 757 2882 =
775 2849 980 2895 soontoreimento
996 2850 1062 2897 della
1076 2852 1161 2906 boore,
1174 2849 1202 2894 ds

136 2926 175 2971 oui
189 2939 262 2969 nasae
278 2926 319 2978 poi
335 2938 381 2968 unu
397 2922 534 2976 pronuneia
548 2927 635 2976 apertu
651 2938 663 2965 o
679 2936 750 2966 rozzu
763 2917 970 2983 (πλατειασμός),
986 2922 1043 2968 Coei
1058 2923 1074 2967 il
1090 2923 1166 2969 Sorof.
1179 2944 1202 2952 -

137 3002 303 3046 verborum
323 2998 534 3044 latitudinem
549 2996 561 3039 e,
572 2997 873 3050 lapronunziosguuiutu.
888 3021 913 3028 -
927 2998 1054 3044 cuiue...
1073 3000 1204 3044 sirtille.

137 3069 185 3113 Cir.
200 3072 210 3118 l
227 3071 257 3112 19.

204 3149 256 3192 92.
275 3149 419 3203 primam
441 3145 554 3199 triailet
574 3155 701 3186 neeesse
723 3146 769 3186 eet
790 3164 817 3176 =
839 3156 938 3187 necesse
960 3147 997 3187 eet
1021 3148 1068 3197 (at)
1088 3147 1205 3200 priorum

139 3217 231 3271 eleuet.
245 3240 270 3245 —
285 3228 340 3258 our
356 3217 493 3262 aetates,
507 3224 556 3255 eae.
611 3208 655 3253 ohe
666 3210 737 3262 qrrasi
750 3210 772 3252 in
784 3209 840 3261 ogni
854 3208 957 3262 periodo
968 3209 992 3253 di
1003 3214 1087 3264 tempo
1098 3212 1134 3255 siu
1145 3216 1205 3255 stato

138 3284 235 3327 diverso
258 3283 273 3326 il
294 3295 383 3335 genero
406 3294 418 3323 e
439 3280 461 3323 lu
484 3277 595 3322 muniere
616 3276 655 3319 del
675 3275 734 3319 dire.
754 3300 779 3306 --
798 3277 947 3320 iudicare
966 3296 992 3308 -ε
1011 3275 1166 3322 dimostrure.
1182 3298 1205 3307 -

139 3352 302 3399 uoluntas,
316 3361 364 3391 non
379 3347 490 3398 volente),
505 3358 555 3389 mu:
570 3343 697 3395 tendenuu,
712 3342 857 3386 intenzione.

205 3431 258 3473 93.
278 3439 411 3483 arearum
432 3426 558 3479 quidem-
580 3423 705 3476 scriptu
728 3425 885 3466 constent.
908 3421 953 3474 Qui
976 3421 989 3465 ὸ
1011 3426 1083 3467 usato
1105 3422 1122 3466 il
1142 3434 1208 3473 cong.

139 3496 203 3549 «lopo
225 3495 242 3538 il
262 3506 380 3547 pronome
403 3491 515 3543 relativo,
536 3489 626 3543 perche
649 3488 668 3531 si
691 3488 747 3532 ruol
770 3488 887 3532 limitare
906 3488 1062 3532 l'asserziono
1081 3487 1208 3541 generale:

140 3561 320 3615 antiquissimi
337 3560 394 3613 sere
415 3562 485 3609 sunt,
504 3565 549 3600 ete.
572 3557 598 3599 ln
618 3554 652 3599 tul
672 3567 730 3597 oasa
752 3554 772 3598 ni
794 3555 863 3598 suole
885 3553 1037 3606 aggiungere
1059 3568 1104 3609 per
1125 3557 1148 3600 lo
1168 3552 1208 3608 pit

140 3629 245 3683 quidem
260 3627 282 3671 al
298 3624 340 3669 rel.
355 3648 380 3655 -
395 3623 553 3675 Pericles,
568 3621 708 3674 l‘Ateniese,
721 3620 788 3672 figlio
799 3620 823 3663 di
838 3620 958 3673 Santippo
974 3633 986 3663 e.
1001 3620 1099 3666 scolere
1114 3622 1209 3667 d'Anae-

140 3708 237 3747 sugero.
251 3693 287 3737 Fu
301 3691 317 3735 il
332 3690 411 3745 primo
427 3690 471 3734 eho
486 3688 648 3733 eorniueiasse
659 3701 672 3730 u
683 3687 782 3739 purlure
793 3700 838 3731 eon
853 3687 978 3737 eleganzu.
988 3687 1009 3730 ‚t
1020 3687 1074 3731 dire
1085 3687 1110 3732 di
1119 3687 1208 3732 Aristo·

140 3764 204 3812 fune,
220 3760 284 3805 nelle
299 3758 384 3803 labbru
396 3757 419 3800 di
430 3756 463 3801 lui
480 3755 613 3801 ubitavuno
624 3754 646 3797 le
656 3753 752 3797 Granio.
762 3776 788 3783 —
797 3753 837 3797 At
844 3754 871 3796 ai
878 3753 891 3797 b
899 3754 928 3797 ia
936 3754 1000 3806 des,
1015 3753 1082 3805 figlio
1092 3753 1117 3797 di
1127 3751 1208 3801 Clinia,

134 3833 243 3882 prirente
259 3825 282 3869 di
297 3824 399 3875 l‘eriele,
414 3823 476 3867 ebbe
491 3823 541 3867 ulto
557 3822 663 3873 ingegno
678 3832 691 3865 e
706 3819 794 3873 porola
809 3819 948 3873 eloquente,
962 3833 975 3864 o
990 3818 1017 3863 fu
1032 3820 1108 3864 molto
1127 3818 1207 3863 diletto

124 3894 160 3937 da
174 3893 287 3939 Socrate.
303 3915 330 3922 --
349 3890 572 3949 Plauepaiuee.
585 3903 608 3934 u.
623 3891 634 3939 t
648 3887 682 3931 od.
696 3909 722 3916 —
737 3886 909 3949 oetateutlis
922 3906 949 3919 ==
962 3886 1079 3941 pensiori,
1098 3881 1206 3931 eoueotti·
