2526 4246
206 168 247 209 un
265 167 410 209 osarosn
426 168 489 209 cin.
508 169 543 216 ιι,
564 166 632 208 cnr.
651 167 822 217 Lxx-cxxi,
844 168 960 217 ormano
1067 155 1117 207 225

40 275 203 340 erratis:
225 313 262 320 «-
286 273 450 340 defendere
472 274 620 340 Lucilium
643 273 858 340 videbatur-
887 294 969 360 «ego
985 275 1116 340 liberum

50 387 157 464 «puto
178 397 257 454 esse;
281 396 341 461 qua
363 376 456 454 lubet,
478 376 612 462 pascitur
631 404 659 440 ι.
706 375 805 443 Placet
831 377 922 441 etiam
942 376 1019 441 milri
1040 376 1116 442 illud
1143 391 1194 445 285

45 480 200 567 Scipionis
220 479 313 557 illius,
336 479 386 565 qui
403 478 447 544 Ti.
464 477 633 545 Gracchum
648 479 789 564 perculit.
807 477 882 545 Cum
900 480 927 544 ei
944 478 981 544 M.
999 479 1117 544 Flaccus

46 583 154 648 multis
175 582 297 667 probris
319 582 442 648 obiectis
458 581 488 646 P.
504 581 635 647 Mucium
658 581 788 647 iudicem
811 582 945 647 tulisset:
977 580 1116 659 «Elem,

47 684 158 771 inquit,
182 685 331 770 iniquus
360 694 423 749 est.
446 683 522 751 Cum
544 693 623 750 esset
644 683 928 750 admurmuratum:
960 712 972 739 ι
995 683 1051 761 th,
1074 684 1118 747 in-

54 787 159 872 «quit,
176 786 206 852 P.
230 786 272 864 C,
295 806 356 851 non
378 806 432 872 ego
454 787 531 851 mihi
555 786 644 852 illum
667 787 810 871 iniquum
825 787 916 862 eiero,
933 806 1041 851 verum
1056 806 1118 851 om-

55 890 175 955 «nilius
190 919 218 954 ι.
242 890 286 954 Ab
310 889 367 955 hoc
388 909 462 954 vero
484 889 589 954 Crasso
612 889 691 953 nihil
718 888 857 955 facetius:
889 909 957 954 cnm
984 888 1118 954 laesisset

51 994 133 1058 testis
148 993 228 1059 Silus
250 992 399 1071 Pisonem,
415 992 496 1078 quod
511 1013 543 1058 se
559 993 590 1057 in
605 1013 676 1058 eum
692 991 812 1059 audisse
827 992 965 1058 dixisset:
989 1021 1002 1050 t
1019 992 1117 1059 Potest

58 1095 162 1172 «lieri,
186 1095 296 1180 inquit,
330 1095 402 1173 Sile,
426 1104 459 1160 ut
481 1096 515 1172 is,
540 1095 621 1160 unde
644 1107 673 1160 te
695 1094 816 1160 audisse
849 1095 932 1170 dicis,
956 1096 1050 1161 iratus
1073 1096 1116 1160 di-

59 1199 163 1263 «xerit
178 1227 207 1262 ι.
231 1197 344 1263 Adnuit
366 1197 455 1263 Silus.
480 1226 492 1253 «
509 1196 607 1262 Potest
629 1197 732 1275 etiam,
749 1208 783 1263 ut
798 1207 830 1262 tu
847 1217 908 1262 nou
933 1209 1012 1263 recte
1030 1199 1117 1263 intel·

60 1300 194 1365 «lexeris
210 1329 238 1364 ι.
263 1299 294 1364 ld
316 1320 438 1385 quoque
461 1310 521 1364 toto
543 1300 641 1384 capite
659 1299 776 1376 adnuit,
790 1312 823 1365 ut
845 1320 877 1364 se
900 1299 1005 1365 Crasso
1019 1301 1114 1366 daret.

61 1402 183 1470 «Potest
203 1404 295 1468 etiam
319 1402 396 1478 sieri,
421 1403 529 1487 inquit,
546 1412 579 1468 ut
593 1403 729 1479 omniuo,
747 1401 827 1487 quod
850 1413 880 1466 te
894 1402 1013 1467 audisse
1033 1402 1115 1477 dicis,

63 1531 74 1559 ι
91 1524 246 1591 nunquam
261 1505 395 1571 audieris
410 1535 439 1569 ι.
464 1505 523 1570 Hoc
538 1505 579 1569 ita
594 1515 716 1590 praeter
731 1504 986 1589 exspectationem
1001 1504 1115 1581 accidit,

60 1616 89 1669 ut
107 1618 211 1674 testem
234 1608 372 1674 omnium
397 1607 474 1674 risus
496 1606 647 1673 obrueret.
676 1607 770 1672 Huius
797 1607 918 1692 generis
941 1616 985 1670 est
1006 1607 1116 1691 plenus

62 1706 169 1788 Novius,
192 1712 326 1775 calceet
343 1711 424 1776 iocus
446 1696 491 1775 est
513 1710 687 1775 familiaris:
713 1709 865 1794 Sapiens
899 1710 927 1773 si
960 1709 1114 1794 algebis,

65 1816 197 1888 tremes;
220 1821 250 1874 et
271 1809 329 1873 alia
353 1810 514 1893 permulta.

10 1950 18 1989 ·..
99 1905 218 1972 lxxi.
242 1907 338 1992 Saepe
360 1907 452 1971 etiam
474 1907 566 1972 facete
588 1907 731 1972 concedas
755 1904 929 1971 adversario
951 1905 981 1970 id
1004 1907 1115 1991 ipsum,
1142 1925 1193 1979 286

69 2008 132 2087 quod
152 2011 204 2075 tibi
228 2011 280 2075 ille
303 2009 453 2086 detrahit,
476 2020 510 2076 ut
531 2009 562 2074 C.
586 2011 718 2087 Laelius,
742 2029 810 2074 cuni
838 2011 865 2074 ei
889 2010 1012 2094 quidam
1037 2013 1116 2075 malo

18 2108 24 2117 '
69 2123 159 2189 genere
179 2124 267 2178 natus
289 2113 411 2188 diceret,
432 2112 592 2199 indignum
607 2133 672 2179 esse
691 2112 753 2177 suis
770 2113 946 2187 maioribus
971 2114 1009 2175 ‚lt
1042 2113 1116 2177 lter-

72 2211 145 2290 cule,
168 2215 274 2301 inquit,
300 2225 335 2280 tu
365 2215 437 2280 tuis
468 2214 606 2301 dignus.
636 2217 733 2301 Saepe
757 2216 849 2280 etiam
873 2214 1056 2279 sententiose
1079 2216 1116 2278 ri-

82 2318 278 2334 x—..-
282 2329 351 2334 .—.-.

73 2351 139 2404 lucto.
151 2386 174 2393 -
189 2363 396 2416 defendere...
414 2361 596 2407 uidebatur.
611 2363 656 2407 Mel
670 2359 932 2412 tradu1·rc,aggiuugi:
948 2372 959 2399 ‹
974 2372 1019 2402 oon
1035 2359 1115 2411 quelle

72 2429 137 2474 ltrole
150 2447 160 2472 ι
175 2447 186 2476 (
201 2433 254 2478 sino
269 2432 348 2477 allona
363 2444 383 2486 ›,
397 2445 411 2476 ο
426 2431 507 2476 simili.
522 2455 547 2461 —
562 2443 716 2485 trunsum,
731 2436 786 2475 sort.
798 2443 886 2484 pecus.
985 2458 987 2461 -

123 2514 185 2561 285.
198 2516 373 2572 Scipionis.
392 2501 411 2559 S
432 2514 546 2568 Scipione
567 2516 658 2560 Musica
679 2514 822 2567 Serapione,
842 2513 886 2557 ohe
909 2514 935 2557 fu
956 2513 1054 2557 console
1076 2514 1115 2556 uel

73 2575 155 2633 6161138
168 2586 197 2630 ed
211 2599 259 2632 nno
274 2585 312 2630 de'
325 2585 369 2639 piu
383 2585 437 2630 fieri
451 2584 570 2638 eligarchi
585 2586 680 2630 evversi
693 2582 1116 2638 ari.Gra.oco.1tgti‚vedendoohe

72 2641 85 2686 5¹
96 2657 178 2701 console
192 2657 223 2702 M.
232 2656 337 2702 Scevole
350 2669 397 2703 non
413 2669 506 2710 sepcvn
516 2655 640 2701 risolversi
652 2670 666 2700 u
677 2668 749 2700 usare
762 2658 846 2699 contro
857 2654 893 2698 Ti.
904 2655 998 2701 Gracco
1009 2655 1033 2699 la
1043 2655 1117 2707 l'orze,

73 2721 155 2770 calamo
169 2729 211 2773 che
227 2728 243 2772 il
258 2726 358 2773 console
373 2727 470 2771 tradiva
485 2727 510 2770 le
522 2727 674 2780 repubblieo,
689 2739 702 2771 e
718 2738 788 2770 curse
804 2730 888 2770 oorrtro
903 2725 939 2770 Ti.
953 2726 1056 2779 Graeco,
1072 2725 1116 2769 che

72 2782 91 2828 fl
102 2796 177 2843 reciso.
191 2799 232 2853 Or,
245 2797 345 2852 quando
359 2797 391 2842 Μ.
405 2797 495 2841 Flacco
513 2798 614 2846 (ocultis
625 2797 734 2852 probris
750 2797 854 2840 obiectis
868 2817 895 2829 ιτ·
909 2796 1058 2848 intentatigli
1073 2796 1117 2850 pila

72 2861 114 2912 illi
125 2865 239 2920 docentia)
255 2871 278 2914 lo
292 2869 380 2914 volero
394 2869 494 2913 indurre
510 2868 540 2912 ad
555 2875 679 2914 accettare
690 2868 716 2912 P.
724 2868 805 2912 Mucio
822 2868 925 2913 Scevolu
940 2882 1007 2913 corne
1018 2868 1116 2921 giudice

72 2923 122 2978 della
133 2951 202 2986 ceusu
212 2940 251 2992 (P.
265 2939 383 2985 Mucium
396 2940 509 2984 iudicem
523 2940 641 2992 tulisset),
652 2938 766 2991 Scipione
778 2938 869 2982 Nasica
880 2952 927 2983 nou
936 2939 987 2983 solo
998 2939 1117 2992 l’eseluse,

10 3044 12 3049 .
71 3005 106 3055 ΜΕ,
117 3011 210 3057 essendo
224 3025 270 3066 per
284 3010 334 3055 tale
353 3011 490 3055 esclusione
509 3014 567 3054 nuto
586 3009 680 3064 grande
699 3009 816 3061 bisbiglio
832 3008 870 3052 fra
885 3008 892 3051 i
908 3009 1059 3061 circostenti,
1072 3009 1116 3053 ohe

10 3117 12 3121 ,
71 3074 214 3126 ttttttosoerono
226 3083 253 3126 la
268 3079 376 3125 dottrina
390 3093 402 3125 e
417 3077 535 3133 integritd
549 3093 642 3125 somma
658 3079 682 3122 di
697 3078 786 3131 Mucio,
803 3078 852 3131 egli
867 3079 961 3131 riprese
977 3092 991 3121 a
1006 3078 1057 3122 dire
1073 3078 1117 3122 ohe

10 3184 13 3189 .
71 3144 108 3185 ‘¹011
119 3151 163 3196 uolo
176 3153 200 3197 lo
215 3151 348 3198 escludeva
362 3164 430 3196 come
446 3164 492 3195 non
508 3151 651 3204 itnporziale
662 3163 708 3203 per
722 3149 747 3193 le
758 3164 800 3193 suti
812 3163 888 3194 cansa
898 3149 996 3202 privata
1011 3153 1086 3199 (scrut.
1095 3184 1113 3194 ..

12 3266 15 3271 .
70 3210 158 3266 lxlltttctc
172 3225 265 3277 pruno),
280 3235 320 3266 me
334 3234 402 3266 come
424 3221 532 3274 inglusto
551 3235 596 3275 per
615 3221 671 3265 tutti
695 3224 789 3270 (venun
812 3224 939 3272 ouuinust
960 3218 1117 3263 accennando

10 3318 12 3325 ·
70 3275 217 3354 tfl'indotenza
232 3293 265 3338 de
279 3292 313 3336 lui
328 3296 447 3337 mostrnta
461 3305 532 3336 verso
547 3306 579 3336 un
594 3291 724 3338 cittedinc.
733 3304 801 3334 come
813 3291 847 3334 Ti.
858 3290 960 3343 Gracco,
971 3289 1021 3333 oosl
1035 3289 1117 3342 perni-

69 3354 334 3419 ⁰¹⁰⁸0attarepubbtica.
343 3387 370 3394 -
383 3363 428 3407 Ab
443 3365 498 3407 acc
508 3376 555 3407 non
571 3362 694 3408 concorda
709 3375 754 3406 con
768 3360 892 3410 Crasso,
901 3360 992 3414 perche
1004 3359 1016 3404 l
1027 3360 1052 3402 di
1062 3373 1116 3412 geu.

67 3422 169 3477 rlturtio—
178 3437 210 3480 in
225 3447 293 3479 erem
308 3433 555 3478 aedisseAacdire
565 3447 611 3478 eon
620 3433 648 3477 in
659 3446 671 3476 e
682 3429 1118 3484 l'aco·dipersonnvnle:se11tirpar·

69 3479 110 3538 ¹⁸¹⁸
122 3505 334 3550 eonlroelouno.—-
342 3507 371 3548 act
381 3517 408 3547 se
421 3503 516 3547 Crasso
527 3504 608 3547 daret.
617 3502 757 3546 Sullulrase
765 3515 785 3546 r.
797 3505 807 3551 t
817 3503 863 3546 187.
877 3525 903 3532 —
912 3500 1042 3553 Norica,
1058 3501 1116 3551 lato

63 3604 66 3609 ·
98 3577 420 3640 Osp.12xx1.-aeso.
439 3587 545 3640 facete
564 3585 733 3630 concedas.
756 3584 819 3629 Mota
835 3585 879 3629 che
896 3584 937 3638 qui
951 3587 1035 3639 facete
1050 3585 1118 3629 vulti:

65 3647 274 3706 ⁰luouunamente.
284 3671 329 3703 con
344 3657 462 3710 efficacia,
477 3670 489 3700 e
505 3656 549 3700 che
565 3656 712 3701 coaccedcse
728 3669 759 3699 un
771 3656 950 3700 coniacnetivtcs
962 3656 1119 3711 potentialis

66 3706 574 3785 del1uese11te‚ehoinplicatilattocoine
595 3725 715 3781 possibile
739 3739 751 3769 e
775 3726 795 3770 si
818 3727 893 3771 rende
915 3726 940 3770 in
962 3724 1065 3771 italiuno
1080 3727 1118 3770 ool

64 3786 136 3842 verbo:
144 3800 279 3855 potrestie
291 3798 349 3843 l'ini'.
359 3822 385 3829 —
395 3798 542 3842 detrahit
558 3798 570 3841 e
585 3801 700 3851 presente
712 3797 831 3841 comatico
841 3798 882 3846 (de
893 3799 1005 3845 coenatu).
1015 3816 1041 3823 -
1051 3807 1080 3839 se
1088 3809 1119 3839 n·
1212 3834 1214 3839 .

65 3849 181 3916 '‘uttoce
201 3869 346 3918 ridicula
369 3870 537 3920 dicuntur,
556 3867 649 3912 dicensi
672 3867 792 3919 uiotteggi
813 3883 827 3911 a
846 3870 891 3912 mo’
906 3865 930 3908 di
950 3871 1073 3911 sentence.
1094 3888 1120 3897 -

97 4022 122 4061 15
142 4025 280 4068 Crannonis
292 4026 325 4070 de
338 4031 405 4072 orat.
421 4027 553 4083 (Firmani)
570 4031 601 4077 ll.
