2526 4246
170 168 221 221 354
538 184 573 224 u.
591 184 695 225 uuum
714 181 877 226 cucuuotus

171 290 278 354 stinete
299 290 415 355 concisa
440 290 571 356 brevitas
591 301 622 356 et
643 289 817 356 extenuatio
836 299 866 356 et
890 290 962 357 huie
984 290 1118 357 adiuncta
1132 288 1204 355 illusio

92 402 144 465 203
171 413 186 456 a
211 392 379 477 praeceptis
401 392 536 457 Caesaris
559 412 621 458 non
644 392 830 470 abhorrens;
874 402 906 458 et
927 392 966 458 ah
989 413 1023 459 re
1038 390 1174 479 digressio,
1184 390 1207 455 in
1244 399 1259 442 -ἰ

171 514 230 580 qua
253 514 321 559 cnm
345 494 436 560 fuerit
453 494 620 573 delectatio,
637 505 702 560 turn
725 493 840 560 reditus
863 495 902 560 ad
925 515 992 560 rem
1009 505 1094 581 aptus
1117 505 1144 560 et
1162 510 1210 559 oon
1244 540 1247 544 -

171 596 280 662 cinnus
302 618 367 663 esse
389 596 526 674 debebit;
549 596 776 683 propositioque
791 597 866 683 quid
888 597 930 662 sis
945 597 1080 665 dicturus
1096 608 1124 664 et
1138 596 1169 663 ab
1179 614 1211 669 eo,
1245 606 1253 648 ἰ

171 699 251 784 quui
274 710 318 766 est
341 700 465 777 dictum,
481 700 627 766 seiunctio
642 710 671 765 et
688 699 803 776 reditus
817 700 855 765 ad
869 700 1063 786 propositum
1081 710 1109 767 et
1122 698 1213 765 iteratio
1247 742 1251 749 ·

171 814 199 867 et
225 802 350 867 rationis
372 813 441 888 apta
460 802 625 881 conotusi03
643 813 707 868 turn
723 802 853 889 augendi
875 803 1079 869 minuendive
1092 820 1214 869 causare
1249 828 1256 853 .-

172 906 270 969 ritatis
284 906 449 990 superlatio
465 917 555 990 atque
578 903 727 983 traiecti03
744 915 775 970 et
789 904 904 991 rogatio
919 914 1012 991 atque
1029 905 1099 972 huie
1113 904 1215 970 finium
1254 932 1259 957 τ

171 1008 255 1091 qnasi
280 1008 466 1092 permutatio
488 1007 697 1093 expositioque
714 1007 882 1073 sententiae
901 1027 989 1087 suae;
1006 1019 1070 1074 turn
1089 1009 1146 1085 illa,
1159 1024 1216 1092 qnae

171 1111 304 1174 maxime
330 1111 414 1195 quasi
439 1110 546 1196 irrepit
572 1109 604 1174 in
628 1110 790 1177 bominum
812 1119 947 1186 mentes,
978 1111 1038 1175 alia
1061 1110 1175 1177 dicentis
1195 1126 1217 1173 at

171 1210 369 1297 significantis
391 1212 608 1291 dissimulatim
636 1232 714 1298 quae
736 1223 781 1278 est
801 1212 1007 1297 periucunda,
1035 1234 1104 1279 curn
1125 1213 1153 1277 in
1171 1232 1218 1277 ora

172 1316 253 1380 tione
268 1335 330 1380 non
347 1316 551 1392 contentione,
564 1315 616 1380 sed
633 1335 774 1381 sermone
788 1325 948 1392 tractatum
962 1315 1076 1382 deinde
1088 1314 1217 1387 dubitatio,

172 1429 237 1483 tum
260 1419 443 1495 distributio,
459 1429 524 1484 tum
547 1418 691 1483 eorrectio
713 1419 762 1483 vel
786 1428 856 1482 ante
877 1419 928 1483 vel
946 1429 1108 1504 postquam
1130 1416 1219 1482 dixeris

128 1558 132 1567 ι
171 1523 218 1587 ret
246 1542 315 1587 cum
341 1520 455 1606 aliquid
484 1531 552 1585 ate
581 1519 646 1605 ipso
673 1519 798 1597 reicias;
845 1520 1057 1604 praemunitio
1082 1521 1167 1585 etiam
1188 1526 1218 1583 est

169 1850 255 1904 pnrote
274 1861 322 1892 non
342 1847 408 1900 pain.
423 1846 561 1899 Nell'orat,
577 1848 615 1899 48,
629 1846 678 1899 139,
695 1845 708 1889 b
724 1845 806 1890 detto:
823 1844 984 1900 sipuiflcatio
999 1849 1140 1904 saepserat
1156 1846 1222 1893 orator

169 1937 250 1978 (μιανιι
265 1923 358 1966 oratio.
373 1944 396 1952 -
414 1922 569 1966 distincte
588 1921 718 1965 coucisa
737 1920 879 1965 brevitas
896 1916 1092 1984 (βραχυλογία),
1105 1922 1223 1969 concisione

169 2016 243 2047 senza
264 2000 390 2045 eceessirs
404 1998 508 2045 brcvitb.
522 2022 547 2030 -
562 2000 749 2044 extenuatio
766 1991 892 2058 (μείωσις)
909 2005 947 2046 est
963 2004 1063 2059 fipura,
1076 2017 1129 2059 qua
1146 2014 1183 2048 res
1197 1998 1224 2044 dt'·

168 2073 246 2118 sendo
268 2072 460 2116 imminuimus.
482 2094 507 2102 -
531 2069 661 2122 illusio,
684 2070 755 2115 vulo:
778 2070 894 2121 scherzo.
917 2086 930 2117 e
952 2073 1031 2119 dicesi
1055 2074 1132 2120 anche
1151 2069 1223 2118 irrisio

168 2139 340 2209 (ὃνασυρμός).
358 2146 409 2192 Con
424 2161 479 2192 osso
494 2146 608 2190 l'oratore
623 2144 644 2189 si
659 2145 753 2200 prende
768 2146 856 2199 giuooo
872 2147 896 2192 di
911 2148 1011 2194 ulcuno.

236 2270 310 2313 208.
328 2268 360 2311 dt
366 2267 490 2322 pressio
509 2278 523 2309 o
542 2263 666 2309 transitio
683 2256 864 2323 (παρέκβασις)
881 2265 955 2312 buna
967 2266 1123 2321 digressione
1136 2263 1227 2312 oderis·

168 2342 237 2386 zione
253 2340 454 2391 dali'urgomento
469 2335 614 2391 principale.
630 2358 657 2365 -
675 2337 802 2381 reditus
822 2338 863 2382 ad
883 2350 956 2382 reru.
977 2339 1014 2383 La
1027 2339 1134 2385 formula
1147 2337 1169 2382 di
1182 2344 1225 2381 estu

169 2426 211 2455 ern
230 2411 254 2455 di
274 2410 346 2454 solito
361 2412 463 2463 queste:
482 2407 585 2460 louqius
604 2408 703 2449 erectus
722 2418 793 2459 sum,
809 2408 855 2452 sed
873 2409 950 2453 redeo
970 2410 1007 2454 ad
1024 2409 1192 2465 propositum.
1205 2426 1225 2436 -

168 2490 267 2541 optus
285 2489 312 2529 et
332 2485 516 2535 sciscianus,
529 2479 630 2535 proprio
650 2479 680 2524 ed
695 2486 842 2535 opportuno.
855 2506 881 2514 -
892 2485 1084 2539 propositio
1096 2470 1227 2543 (πρόθεσις)

169 2558 181 2599 b
192 2558 207 2602 il
220 2561 322 2601 mettere
338 2554 435 2599 innanzi
450 2553 610 2605 l’argomento
621 2549 662 2594 del
675 2549 793 2597 discorso.
803 2577 829 2584 —
843 2554 1006 2600 seiunctio
1015 2574 1043 2591 =
1053 2555 1202 2601 conclusione
1209 2550 1228 2595 di

167 2642 199 2671 un
215 2630 358 2680 argomento
372 2636 534 2679 perpassum
549 2621 579 2666 nd
595 2634 628 2665 un
643 2621 705 2666 ultro
715 2622 738 2671 (ὲ
748 2627 820 2668 ussto
830 2623 854 2667 in
869 2637 941 2670 senso
956 2626 1066 2671 retorico
1080 2640 1126 2681 per
1139 2626 1155 2671 il
1168 2633 1228 2679 greco

166 2694 354 2760 (προέκθεσις).
364 2725 390 2731 -
402 2698 535 2744 iteratio
543 2688 732 2757 (ἐπανάληψις)
740 2698 846 2743 consiste
857 2698 924 2744 nella
933 2699 1082 2754 ripetizione
1090 2701 1115 2747 di
1123 2699 1229 2756 pibd'uos
1256 2746 1259 2755 ,

167 2774 262 2827 parata.
272 2797 297 2803 —
311 2772 454 2816 rationis
473 2773 551 2824 apta
569 2769 742 2823 conclusio,
756 2768 780 2812 ia
795 2767 952 2813 conclusione
967 2769 1120 2823 logiosd'un
1130 2771 1231 2817 ducorso.
1256 2766 1259 2782 ²

167 2873 193 2879 --
216 2846 400 2900 superlatio
424 2848 519 2897 atque
545 2844 713 2897 traiectio,
735 2842 847 2897 iperboie
870 2838 1229 2906 (εαρον-Ῐονο-ὑπερ·βὰλλω)ι

167 2952 193 2958 -
210 2925 339 2979 repatio
359 2937 372 2968 o
391 2924 561 2977 interropatio
578 2915 732 2984 (ἐρώτησις),
751 2922 795 2968 che
812 2922 834 2967 si
854 2921 881 2968 fa
896 2936 944 2967 non
962 2937 1010 2977 per
1026 2924 1185 2981 interrogare,
1198 2936 1229 2969 ms

168 3012 213 3053 per
235 2997 358 3042 incoluere
380 2993 553 3048 l’uvversnrio;
575 2993 638 3038 ondo
659 3007 707 3040 non
728 2993 836 3039 richisde
856 2992 973 3047 risposts.
991 3017 1017 3027 —
1036 2994 1230 3052 percontatio

169 3069 181 3111 t·
201 3068 281 3114 similo
301 3066 351 3111 alta
369 3065 470 3120 repotia
488 3065 558 3109 (tertie
574 3065 693 3119 finitima
712 3065 814 3120 quaem
835 3077 875 3108 mu
893 3076 923 3108 ne
943 3063 1081 3122 differisoe,
1101 3066 1189 3123 perob'e
1206 3061 1230 3109 ud

168 3156 224 3185 ossa
239 3140 289 3184 tien
308 3138 387 3182 diotre
402 3136 425 3181 la
445 3135 560 3189 rispostu,
575 3134 633 3179 deta
651 3135 717 3180 dello
734 3140 813 3180 stesso
832 3138 931 3180 oratore
947 3148 994 3180 con
1009 3137 1035 3182 lu
1050 3140 1175 3195 supositio
1186 3148 1232 3182 sur

167 3213 264 3256 tentiae
282 3223 354 3254 errae.
370 3233 395 3240 —
412 3208 444 3251 di
449 3206 567 3250 ssimul
573 3207 646 3259 atio,
665 3206 742 3251 unche
758 3205 967 3260 dissimulantia,
984 3206 1120 3255 dl'ironiu.
1135 3210 1181 3255 Cfr.
1192 3207 1231 3252 Cic.

168 3287 249 3330 stood.
263 3289 283 3338 4,
297 3288 358 3330 tiz...
372 3296 402 3326 ea
417 3280 636 3333 ‹tisstrieutattona
654 3294 735 3334 quam
752 3280 847 3325 Graeci
867 3272 1003 3340 εἰρωνείαν
1024 3289 1129 3330 vocant.
1147 3307 1171 3316 -
1187 3283 1231 3327 du·

168 3365 286 3409 bitoito
305 3354 480 3422 (διαπὸρησις,
499 3350 606 3418 ἀπορία)
626 3359 639 3403 e
658 3359 705 3404 ben
726 3359 826 3404 definite
845 3360 877 3405 da
898 3360 1001 3414 Quintil.
1019 3362 1066 3417 IX,
1080 3366 1118 3419 12,
1133 3367 1168 3409 19:
1184 3372 1230 3407 cum
1256 3398 1259 3413 ,

167 3436 327 3479 strunlamus
342 3446 467 3488 quaerere
480 3444 536 3485 uos,
548 3431 618 3475 rarrde
629 3430 816 3501 incipiendum,
830 3431 876 3475 ubi
890 3431 1073 3487 desinendum,
1086 3436 1152 3490 quid
1164 3432 1231 3490 potis·
1254 3422 1259 3501 (

168 3513 265 3557 stratum
280 3513 426 3564 dicendum,
442 3523 477 3555 an
497 3510 602 3554 outuiuo
619 3508 755 3553 dicendum
771 3509 812 3554 sit.
830 3533 855 3540 -
877 3510 1075 3558 distributio
1097 3500 1230 3573 (διαίρεσις)
1255 3506 1259 3535 ⁸

168 3583 180 3623 i».
197 3583 221 3626 in
236 3590 302 3627 certo
318 3581 390 3626 modo
406 3580 506 3623 (infinito
520 3580 544 3623 in
562 3580 598 3624 aci
611 3577 681 3631 Her„
694 3579 736 3633 IV,
749 3582 787 3624 35:
802 3580 952 3625 distributio
972 3585 1230 3642 concumbamus&
1256 3610 1259 3621 ·

167 3665 210 3695 res
229 3656 277 3697 aut
293 3664 424 3706 personas
445 3651 548 3704 riopotia
566 3650 697 3703 quaedam
719 3653 790 3694 certa
809 3650 1011 3705 dispertiuntur.
1035 3677 1063 3685 —
1086 3652 1230 3703 correctio

169 3719 371 3784 (προδιόρθωσις
386 3738 399 3767 e
415 3716 608 3783 ἑπανόρθωρις)
625 3723 637 3767 b
657 3738 702 3777 per
721 3723 744 3768 lo
763 3722 807 3778 pib
826 3738 946 3770 connessa
965 3740 1013 3773 con
1032 3728 1058 3775 la
1077 3728 1194 3777 traiectio
1208 3726 1229 3771 (Ι

168 3798 295 3843 αιίιυνι.-
310 3796 441 3850 aliquid
458 3810 474 3839 a
492 3796 608 3850 teipso
627 3795 1230 3857 reticius:ributtiunscosuciret’buppostn·

225 3915 299 3962 204.
309 3926 475 3971 procuratu
485 3913 543 3958 itio
574 3901 826 3971 tupouusbbqbtqtb
841 3909 925 3961 quone
938 3924 984 3963 per
999 3915 1042 3958 oui
1062 3915 1176 3962 l’oratore
1188 3916 1229 3959 stu·
