2526 4246
246 153 290 192 nn
308 148 453 192 onnronn
471 152 533 191 cre.
552 152 588 202 11,
607 149 677 192 oar.
696 148 780 198 rii-x,
801 150 892 202 aec-40
1073 135 1123 188 131

45 267 152 335 totest,
179 276 276 342 quam
298 255 379 342 quod
401 264 507 322 omnes
530 265 610 321 artes
639 255 716 320 aliae
742 256 808 320 sine
837 254 1011 339 eloquentia
1034 273 1123 318 suum

45 375 160 422 nunus
175 363 335 441 praestare
350 364 486 440 possunt,
502 364 604 419 orator
618 353 684 418 sine
696 374 731 419 ea
748 373 861 418 nomen
877 353 1016 418 obtinere
1034 370 1123 416 snum

45 474 106 518 ton
129 463 247 538 potest,
272 463 306 518 ut
327 452 428 530 ceteri,
452 453 475 516 si
500 451 604 517 diserti
629 452 699 529 sint,
719 451 835 536 aliquid
855 452 892 516 ab
909 451 965 516 hoc
981 450 1122 526 habeant,

45 553 102 629 liic,
128 549 388 630 nisi-domesticis
410 570 442 616 se
464 550 643 616 instruxerit
665 549 768 636 copiis,
792 549 916 615 aliunde
939 548 1058 613 dicendi
1080 568 1127 641 cos

45 650 128 734 piam
152 660 263 734 petere
285 668 347 713 non
369 648 472 733 possit.

89 748 134 812 X.
159 746 239 812 Turn
256 745 395 812 Catulus:
415 745 485 824 Etsi,
503 746 611 831 inquit,
628 746 749 823 Antoni,
766 745 895 810 mininie
912 743 1124 831 impediendus
1150 750 1184 803 39

47 856 93 909 est
115 844 366 930 interpellatione
389 843 445 909 iste
474 865 579 934 cursus
609 844 754 910 orationis
781 853 859 921 tuae,
883 844 999 929 patiere
1022 853 1124 907 tamen

51 943 189 1028 mihique
221 943 364 1027 ignosces,
388 941 461 1008 Non
494 943 592 1007 enim
622 962 769 1028 possum
798 943 886 1028 quin
917 943 1123 1016 exclamem,

56 1051 86 1104 ut
106 1041 146 1104 ait
169 1041 224 1105 ille
253 1041 285 1104 in
313 1039 510 1105 Trinummo:
538 1041 579 1105 ita
606 1041 670 1104 vim
695 1041 823 1106 oratoris
852 1061 921 1106 cum
951 1041 1125 1125 exprimere

59 1138 204 1204 subtiliter
226 1139 310 1203 visus
333 1158 373 1215 es,
396 1148 462 1204 tum
492 1138 617 1204 laudare
646 1138 867 1224 copiosissime;
897 1138 978 1222 quod
1001 1139 1124 1222 quidem

61 1237 248 1321 eloquentem
271 1237 319 1301 vel
342 1236 457 1321 optime
480 1236 576 1302 lacere
591 1245 720 1321 oportet,
737 1246 770 1301 ut
786 1237 992 1321 eloquentiam
1008 1236 1124 1312 landet,

64 1331 142 1399 delet
162 1335 247 1400 enim
272 1333 310 1398 ad
333 1354 400 1398 eam
423 1334 608 1400 laudandam
631 1335 729 1420 ipsam
753 1334 838 1399 illam
857 1334 1014 1411 adhihere,
1034 1354 1125 1418 quam

68 1430 164 1496 laudat.
189 1432 250 1497 Sed
272 1452 365 1518 perge
390 1452 496 1517 porr03
528 1432 582 1497 tihi
613 1433 696 1498 enim
727 1433 881 1497 adsentior
903 1443 1038 1497 vestrum
1062 1453 1126 1497 esse

72 1526 115 1593 loc
133 1539 230 1596 totum
253 1529 365 1594 diserte
388 1529 497 1607 dicere,
521 1530 612 1615 idque
642 1531 665 1594 si
698 1531 765 1615 quis
797 1531 830 1594 in
860 1530 918 1594 alia
942 1541 1005 1595 arte
1029 1530 1124 1605 iaciat,

73 1644 128 1691 eun
148 1628 310 1713 adsumpto
332 1627 457 1693 aliunde
479 1629 522 1693 uti
547 1629 636 1706 bone,
667 1649 728 1694 non
759 1629 884 1714 proprio
908 1649 963 1694 nec
984 1649 1047 1693 suo.
1092 1627 1126 1692 Et

74 1719 193 1789 Crassus:
216 1724 280 1790 Nox
304 1735 343 1800 te,
367 1725 475 1810 inquit,
493 1727 589 1803 nobis,
606 1727 726 1803 ⁴intoni,
743 1726 890 1811 expolivit
909 1726 1127 1810 hominemque

77 1819 198 1888 reddidit.
221 1822 298 1886 Nam
323 1823 465 1889 hesterno
488 1844 628 1890 sannone
644 1825 735 1890 unius
758 1824 914 1890 cuiusdam
938 1825 1070 1910 operis,
1095 1835 1127 1890 nt

78 1917 108 1980 ait
126 1918 275 1998 Caecilius,
301 1921 473 2006 remigem
496 1923 655 2008 aliquem
679 1933 738 1987 aut
762 1923 925 1989 baiulum
951 1924 1039 1988 nobis
1062 1944 1126 1988 ora-

80 2020 155 2080 torem
177 2018 389 2104 descripseras,
413 2018 537 2105 inopem
552 2020 706 2106 quendam
723 2021 921 2086 humanitatis
937 2031 1028 2106 atque
1043 2021 1127 2087 inur-

82 2113 180 2184 banum.
202 2120 281 2186 Tum
304 2121 468 2187 Antonius:
493 2122 561 2188 Heri
585 2124 677 2199 enim,
702 2123 811 2208 inquit,
838 2123 895 2188 hoc
917 2124 993 2187 milii
1018 2144 1129 2207 propo-

82 2231 187 2296 sueram,
209 2230 253 2297 ut,
277 2219 302 2282 si
325 2229 355 2283 te
378 2219 565 2299 refellissem,
585 2221 638 2286 lios
662 2241 678 2284 a
703 2231 730 2285 te
753 2221 916 2306 discipulos
932 2222 1127 2297 abducerem

83 2328 151 2393 nunc,
172 2316 276 2382 Catulo
299 2316 442 2383 audiente
464 2328 494 2384 et
516 2318 651 2395 Caesare,
668 2319 774 2384 videor
789 2318 901 2384 debere
917 2339 978 2383 non
995 2329 1057 2382 tam
1073 2339 1128 2402 pu-

45 2456 48 2517 3
83 2429 270 2495 nanceium
294 2440 387 2505 quarn
409 2422 483 2506 quid
505 2423 570 2507 ipse
593 2422 723 2488 sentiam
746 2422 855 2487 dicere.

83 2627 294 2683 traiectamque
309 2628 424 2682 quiante
438 2641 537 2682 manna
547 2629 623 2672 estin
638 2629 749 2681 inperitis
764 2628 907 2672 levisticum.
922 2651 948 2657 -
957 2641 1050 2671 sittim
1069 2641 1131 2670 narr·

83 2694 126 2757 {³¹⁴⁸
137 2698 308 2746 praestare
322 2714 348 2727 =
362 2693 507 2746 conseguire
518 2694 534 2737 il
545 2695 582 2738 lor
591 2694 693 2747 proprio
705 2693 871 2737 tine—nisi
891 2694 1080 2738 domesticis
1100 2707 1131 2738 se

84 2760 256 2805 *retraxerit
277 2761 379 2814 copiis
393 2780 420 2793 =
435 2773 460 2804 se
475 2773 523 2805 non
534 2760 554 2805 si
569 2759 625 2805 sari
639 2761 766 2813 proruisto
781 2775 796 2804 n
811 2773 869 2804 casa
884 2774 972 2813 suase
984 2761 1062 2804 nansi
1074 2762 1129 2804 vale

85 2813 111 2861 it'
120 2826 195 2879 propri
209 2826 293 2871 mezzi,

112 2909 173 2966 Cap.
187 2916 228 2959 X.
243 2938 270 2946 —
285 2915 338 2959 89.
357 2914 414 2959 Non
435 2925 498 2958 suns
517 2926 613 2959 rossan
636 2926 698 2966 oum
717 2926 874 2968 uxonnnnn,
889 2917 975 2969 parole
998 2916 1037 2960 dol
1060 2930 1130 2960 servo

84 2967 165 3045 Sittium
179 2981 244 3025 nella
258 2993 334 3025 scena
348 2980 463 3034 seconde,
476 2984 527 3024 atto
543 2984 609 3025 terzo
625 2980 665 3024 del
680 2980 842 3033 Trinummo,
856 2996 905 3026 una
921 2982 985 3027 delle
996 2983 1131 3027 conirnedie

84 3034 102 3079 dl
112 3040 192 3090 Plauto.
206 3070 232 3078 -
245 3047 429 3101 subtiliter,
443 3060 491 3091 non
510 3047 580 3092 vale:
593 3048 731 3098 linamente.
742 3061 793 3092 ma:
807 3049 994 3100 precisamente.
1009 3073 1035 3079 —
1050 3050 1132 3102 quod

84 3108 184 3156 laidem
203 3114 408 3167 eloquentem,
423 3126 473 3157 ecc.
486 3113 572 3167 =che,
582 3113 642 3158 ahie
654 3113 792 3167 eloquente,
801 3113 905 3166 bisogna
915 3114 977 3159 bone
988 3115 1032 3159 che
1043 3115 1133 3167 suppia

86 3165 147 3220 ludere
160 3178 341 3233 egregiamente
355 3180 515 3233 l’eloquenza.
528 3194 633 3224 -cum
653 3180 832 3234 adsumpto,
843 3193 891 3225 ecc.
906 3180 1010 3225 Ordine:
1025 3194 1082 3224 eum
1093 3182 1133 3224 uti

86 3231 131 3283 illo
143 3245 280 3300 adsumpto
295 3245 409 3290 aliunde.

134 3331 179 3377 40.
193 3334 386 3380 hominem...
403 3353 431 3367 ε·
444 3335 606 3383 Ιιιινηαηωννι,·
621 3334 638 3377 il
654 3335 728 3387 quale
744 3333 881 3387 significato
897 3335 917 3378 si
933 3333 982 3388 pud
998 3334 1074 3378 anche
1091 3334 1132 3378 dc·

86 3397 158 3461 tunore
172 3399 235 3444 dalle
249 3399 336 3453 parole
351 3398 396 3443 che
415 3414 535 3454 seguono:
555 3403 696 3456 inopem...
722 3401 906 3445 humanitatis.
921 3425 947 3431 -
970 3403 1067 3446 unius
1088 3416 1133 3447 cu-

86 3461 168 3507 midem
181 3477 268 3510 ornnts
282 3484 310 3500 ·=·
323 3466 348 3511 in
362 3481 411 3511 una
425 3469 490 3511 cotal
505 3467 556 3511 aria
573 3467 603 3510 da
619 3465 779 3519 giornaliere.
792 3465 841 3509 Cfr.
855 3466 874 3520 Ι,
888 3469 914 3510 83
930 3480 942 3511 e
957 3469 1004 3520 263,
1014 3468 1054 3512 nei
1065 3469 1134 3522 quali

86 3529 185 3596 ltrrgrad
199 3532 287 3577 Crasso
297 3532 394 3577 chiama
403 3535 556 3588 operarium
564 3534 677 3578 l'orutore
689 3534 805 3578 descritto
821 3532 853 3576 de
867 3533 981 3577 Antonio.
991 3558 1018 3565 -
1030 3535 1133 3580 (laeci-

87 3584 140 3637 ltus.
152 3582 169 3639 C
183 3597 273 3643 Cecilio
288 3598 377 3653 Stazio,
390 3604 448 3644 nato
464 3599 529 3644 forse
544 3614 559 3643 a
573 3600 664 3644 Milano
680 3600 704 3643 di
721 3599 864 3644 condizione
876 3600 974 3653 servile,
989 3600 1099 3653 ignor-asi
1110 3603 1133 3646 in

87 3658 129 3727 llll
141 3675 207 3707 anno.
220 3663 281 3708 Mori
292 3679 308 3709 e
318 3664 395 3709 Roma
404 3666 444 3710 nel
459 3666 514 3720 586}
528 3668 573 3709 168.
583 3666 618 3710 Fu
630 3672 704 3719 poeta
719 3667 819 3710 comico.
828 3665 983 3717 Rimangono
995 3667 1134 3713 irannnenti

87 3715 104 3762 d1
114 3725 150 3776 niis
162 3728 204 3773 che
217 3732 244 3774 40
257 3744 301 3775 sue
322 3731 464 3777 commedio.
478 3733 527 3777 Cio.
543 3734 566 3776 lo
588 3731 696 3777 chiama:
716 3733 806 3777 malus
829 3731 974 3776 latinitatis
997 3739 1095 3779 auctor.
1109 3760 1135 3766 —

87 3795 131 3834 tou
149 3796 245 3843 tam...
269 3810 369 3852 quam.
391 3797 455 3842 Nota
476 3798 521 3842 che
542 3812 590 3842 non
613 3799 778 3852 equiralgono
794 3811 808 3841 a
824 3810 876 3841 non
892 3801 975 3844 tanto.
998 3835 1003 3845 .
1023 3803 1081 3853 clm:
1096 3816 1135 3845 nia

88 3863 268 3910 etantanto...
286 3867 385 3918 quanto
395 3865 534 3919 piuttosto.
