2526 4246
144 136 180 189 42
510 146 544 184 Μ.
562 144 667 185 TULLII
685 143 846 187 CICERONIS

86 267 120 319 72
145 274 196 319 me
218 253 317 339 ipsum
340 273 404 317 esse
426 251 505 316 arbit
527 254 620 365 ppo,
646 250 715 327 Sed,
738 263 771 317 ut
793 253 908 317 solebat
930 252 960 318 C.
977 252 1107 319 Lucilius
1121 274 1215 340 saepe

145 355 253 432 dicere,
278 355 369 418 lromo
394 353 444 418 tibi
463 272 630 445 su‘diratnd
652 353 729 416 milri
752 364 879 439 propter
893 375 959 420 eam
976 355 1072 440 ipsam
1089 375 1212 422 oausam

144 457 371 547 minuspuam
393 456 522 533 volebat,
546 454 712 531 familiaris,
736 455 788 521 sed
810 467 913 522 tamen
931 467 960 522 et
982 457 1085 524 doetus
1100 468 1131 523 et
1144 479 1214 545 per-

144 550 289 661 urp'ariirs,
317 560 358 624 sio
381 560 479 624 sentio
504 558 660 624 neminem
682 558 799 624 esseio
825 569 980 625 oratorum
1005 554 1256 649 numepp‘hp,

145 626 289 739 lrenddm,
317 663 368 746 qui
397 681 458 726 non
487 661 525 725 sit
551 660 692 725 omnihus
714 660 751 725 iis
773 661 898 737 artibus,
923 681 1000 746 quae
1021 654 1216 755 sunt'libero

144 764 262 851 dignae,
290 764 473 850 perpolitus;
504 761 613 848 quibus
641 761 714 847 ipsis
736 763 760 826 si
784 762 816 826 in
840 763 966 828 dicendo
993 782 1055 828 non
1083 764 1216 842 utimum

144 879 247 932 tamen
269 876 395 953 apparet
416 875 506 950 atque
528 875 633 940 exstat,
657 872 761 930 utrum
776 864 870 930 simus
885 884 991 932 earum
1006 865 1096 932 rudes
1112 886 1152 931 an
1171 867 1213 932 di-

22 958 29 969 ’
84 989 119 1043 73
145 969 315 1034 dicerimus.
360 967 397 1033 Ut
418 967 470 1051 qui
493 967 555 1052 pila
578 966 698 1042 ludunt,
723 985 784 1030 non
807 977 936 1032 utuntur
957 966 1071 1052 inipso
1092 968 1231 1034 lusione

145 1069 271 1134 artificio
288 1068 414 1156 proprio
428 1071 604 1154 palaestrae,
621 1067 674 1132 sed
689 1067 801 1133 indicat
816 1067 881 1154 ipse
895 1080 995 1133 motus
1010 1068 1213 1135 didicerintne

144 1173 326 1258 palaestram
348 1190 387 1234 an
410 1169 553 1244 nesciant,
576 1180 606 1234 et
628 1169 680 1254 qui
707 1169 822 1255 aliquid
850 1170 979 1255 fingunt,
1003 1171 1057 1236 etsi
1081 1183 1147 1237 tum
1169 1173 1212 1258 pi·
1241 1163 1245 1173 '

38 1264 43 1273 ’
93 1332 96 1337 .
144 1283 229 1339 otura
250 1273 328 1337 nihil
351 1281 489 1350 utuntur,
505 1282 618 1349 tamen,
638 1281 742 1337 utrum
757 1270 852 1337 sciant
869 1274 997 1359 pingere
1011 1293 1050 1338 an
1066 1274 1211 1351 nesciant,

145 1395 207 1440 non
229 1375 389 1440 obscurum
412 1384 465 1452 est,
489 1374 584 1439 sicin
607 1374 793 1440 orationibus
817 1375 898 1440 hisce
923 1377 997 1461 ipsis
1019 1375 1242 1463 iudiciorum,p

144 1478 329 1553 contionum,
348 1487 478 1554 senatus,
502 1477 593 1542 etiam
615 1477 640 1568 si
662 1477 787 1562 proprie
802 1487 918 1543 ceterae
931 1498 993 1543 non
1008 1452 1212 1544 adhimidiur

144 1591 233 1657 artes,
246 1589 348 1645 tamen
365 1579 450 1644 facile
464 1578 643 1656 declaratur,
659 1589 763 1644 utrum
779 1579 813 1656 is,
830 1580 881 1664 qui
898 1579 985 1656 dicat,
1001 1568 1213 1646 tantummodo

144 1683 177 1746 in
200 1682 256 1746 hoo
277 1681 489 1767 declamatorio
515 1681 553 1744 sit
578 1700 669 1765 opere
694 1680 818 1747 iactatus
844 1702 884 1747 an
906 1681 944 1747 ad
965 1681 1127 1747 dicendum
1151 1701 1213 1747 om·

145 1784 235 1849 nibus
258 1770 399 1871 ingenuis
417 1781 533 1847 artibus
554 1782 717 1848 instructus
740 1785 904 1849 accesserit.
939 1776 953 1813 '·'

16 1962 20 1967 ,
85 1901 119 1954 td
188 1885 307 1952 Xllll.
329 1883 407 1949 Tum
430 1884 533 1948 ridens
555 1883 710 1949 Scaevola:
731 1884 797 1950 Non
820 1885 956 1950 luctabor
977 1896 1086 1963 tecum,
1103 1886 1212 1971 inquit,

47 2074 52 2079 -
146 1987 261 2064 Crasse,
284 1987 424 2072 amplius.
448 1986 479 2051 ld
502 1987 586 2051 enim
608 1985 719 2070 ipsum,
736 1987 817 2072 quod
839 1997 942 2053 contra
965 2008 1014 2052 me
1035 1989 1153 2055 locutos
1170 2007 1213 2064 es,

53 2078 57 2083 ’
147 2088 274 2153 artificio
289 2087 427 2174 quodam·
441 2109 473 2153 es
494 2098 679 2166 consecutus,
695 2079 781 2154 utet
803 2090 890 2166 mihi,
914 2110 992 2175 quae
1013 2109 1067 2175 ego
1089 2091 1214 2167 vellem,

111 2221 119 2229 ’
148 2211 209 2256 non
221 2211 286 2256 esse
304 2191 440 2263 oratoris,
456 2189 635 2256 concederes
649 2200 680 2255 et
694 2211 729 2255 ea
744 2191 809 2276 ipsa
825 2191 925 2257 nescio
940 2191 1091 2276 quomodo
1106 2213 1215 2258 rursus

87 2307 120 2360 75
147 2293 344 2379 detorqueres
365 2303 455 2378 atque
477 2293 588 2357 oratori
608 2292 731 2378 propria
754 2294 899 2358 traderes.
952 2293 1044 2377 Quae,
1068 2314 1137 2360 oum
1160 2315 1216 2380 ego

214 2514 266 2557 72.
284 2513 309 2556 0.
329 2510 492 2564 Lucilius,
511 2511 570 2553 neto
589 2521 604 2553 a
623 2507 713 2552 Suessa
732 2510 849 2555 Aurunco
869 2510 909 2556 nel
923 2513 1021 2566 ote-180,
1042 2525 1073 2557 m.
1093 2513 1215 2567 eliopoli

146 2584 187 2629 nel
200 2584 298 2636 eol-103,
313 2581 400 2626 scrisse
410 2583 491 2624 trenta
499 2579 556 2623 libri
570 2578 594 2622 di
610 2578 724 2632 sortiere
736 2581 803 2633 quali
818 2592 877 2626 sono
892 2595 942 2626 uno
954 2581 1092 2628 bellissima
1104 2583 1216 2629 illustro-

147 2654 216 2697 cione
231 2651 322 2697 storico
343 2650 409 2695 dello
426 2650 479 2694 vito
500 2649 536 2693 de'
550 2648 654 2693 Romani
673 2648 713 2692 nol
727 2649 775 2695 VII
789 2652 877 2697 secolo.
895 2675 922 2684 -
941 2653 1031 2698 homo
1052 2654 1113 2698 tici
1133 2654 1216 2699 acrbi-

147 2727 254 2775 ratos,
271 2719 362 2776 porche
371 2720 428 2775 egli,
436 2719 532 2765 nemioo
543 2719 564 2763 d’
572 2719 630 2772 ogni
640 2719 802 2776 affettnztone,
811 2722 917 2774 volgeva
926 2723 951 2767 in
961 2723 1063 2768 ridioolo
1072 2723 1099 2769 la.
1107 2725 1217 2770 retoricn

149 2795 173 2838 di
188 2793 276 2837 Crasso
291 2806 304 2837 e
318 2791 457 2843 l'elegnnza
478 2789 502 2834 di
517 2789 634 2846 Scerolo3
648 2803 661 2834 e
676 2790 717 2844 poi
732 2792 809 2836 anche
818 2792 909 2846 perche
919 2794 1000 2847 questi
1014 2807 1093 2839 avora
1107 2808 1218 2849 pronun·

148 2865 212 2908 ziato
222 2878 255 2908 un
265 2864 373 2907 discorso
389 2866 473 2907 contro
488 2860 600 2914 Albucio,
614 2860 691 2905 amico
707 2861 731 2905 di
746 2862 887 2908 Lucilio-
901 2864 997 2912 etot...
1014 2866 1094 2909 milti
1114 2878 1175 2911 sono
1191 2867 1217 2910 in

148 2935 213 2979 liere
224 2933 390 2987 opposizIonc.
399 2956 425 2964 —
440 2933 551 2977 doctus
569 2934 598 2976 ol
612 2933 833 2986 perturbanda,
851 2947 919 2979 come
930 2934 984 2979 dice
994 2935 1072 2980 anche
1082 2936 1121 2980 nel
1132 2936 1175 2981 lib.
1184 2937 1218 2989 ΙΙ,

150 3009 243 3057 §25.-
254 3007 321 3052 al...
345 3016 406 3048 non
426 3005 558 3048 utimur.
573 3002 621 3057 Qui
634 3003 659 3047 ei
671 3002 704 3047 ho
713 3003 731 3047 il
742 3017 814 3049 senso
829 3004 865 3050 di:
880 3019 906 3050 se
917 3006 1087 3060 enche,onoho
1102 3008 1218 3063 quando,

151 3076 164 3121 e
179 3076 298 3121 insomma
312 3073 453 3120 concessivo
469 3087 487 3119 o·
496 3073 598 3118 insieme
613 3072 756 3126 temporalo.

217 3180 269 3223 73.
287 3178 362 3233 pita
383 3177 499 3222 ludunt
512 3197 539 3211 ε
554 3177 657 3230 giooano
672 3176 722 3220 olla
736 3179 811 3230 pollo.
825 3178 936 3223 Ev'ernn
952 3184 988 3224 tre
1002 3179 1080 3225 modi:
1095 3181 1220 3238 datatim,
1251 3200 1254 3205 ·

149 3251 258 3304 raptim,
273 3248 417 3304 κροκίου
431 3263 444 3292 e
458 3247 526 3292 varie
540 3248 619 3292 forme
633 3246 658 3290 di
668 3247 754 3301 pilae:
765 3249 848 3303 sollio,
857 3250 1024 3304 carpasium,
1033 3255 1153 3306 arenata,
1169 3256 1219 3299 tri-

109 3325 111 3330 '
149 3321 259 3376 portalis.
273 3343 299 3351 -
321 3319 449 3374 aliquid
465 3320 612 3375 simperti,
629 3316 682 3362 otoo
702 3318 810 3372 aliquod
827 3321 1008 3374 airrtatlacrctm,
1024 3321 1144 3375 aliquam
1162 3329 1218 3369 ato·

150 3395 233 3436 tuom.
246 3415 273 3421 —
286 3391 372 3435 niihil
385 3411 412 3424 -
425 3403 471 3444 por
485 3387 591 3444 nulla3ia
607 3387 730 3433 orverbio.
744 3412 771 3420 —
789 3390 998 3445 iudiciorum,
1018 3393 1220 3449 contionum,

150 3465 297 3516 senatos,
312 3460 356 3506 cho
371 3461 392 3506 si
406 3466 497 3514 tengon
512 3460 564 3505 cioe
579 3459 604 3503 in
618 3472 738 3513 presenza
752 3459 789 3504 de'
799 3460 899 3515 giudici,
910 3462 949 3506 del
963 3461 1062 3516 popolo,
1074 3462 1113 3506 dol
1124 3469 1221 3510 senato.

150 3555 177 3564 -
193 3532 328 3586 proprio
349 3551 377 3565 -
399 3531 424 3575 di
444 3529 580 3585 proposito.
602 3551 629 3561 -
649 3530 795 3574 iactatos
811 3550 838 3564 -
857 3531 988 3576 oseroitoto
1009 3533 1218 3588 continucmonto,

151 3615 219 3647 come
234 3602 255 3646 si
270 3602 370 3645 desumo
392 3601 432 3644 dol
454 3598 635 3654 frequentativo
650 3600 718 3643 iacto
733 3600 764 3643 do
778 3601 852 3645 idcio.
870 3625 896 3632 -
912 3603 1059 3656 inponetis
1081 3604 1222 3650 artibus.

152 3675 200 3717 Son
215 3686 269 3716 esso
285 3673 365 3716 libero
379 3672 479 3725 dianae,
489 3684 556 3725 quoe
569 3671 711 3724 iuuencum
721 3671 860 3724 ltonrtnom,
868 3674 935 3717 idest
949 3677 1018 3718 corto
1027 3678 1108 3728 patre
1117 3679 1223 3730 natium,

153 3744 256 3797 doceam
270 3743 336 3787 dotto
351 3741 462 3786 cziandio
477 3741 598 3786 liberales
612 3753 657 3794 pcr
672 3745 846 3796 contrapposlo
861 3743 910 3787 olle
924 3745 1038 3789 serviles.

183 3847 257 3897 Gap.
270 3846 379 3890 XVII.
391 3869 417 3877 -
429 3845 480 3890 ⁷4.
491 3846 602 3890 ridolto
611 3864 638 3877 =·
647 3845 792 3892 subridens.
803 3870 827 3879 -
839 3862 898 3903 pro
903 3851 957 3904 prt
963 3864 979 3894 a
988 3870 1015 3884 -
1024 3851 1090 3894 siout
1097 3851 1225 3905 propria.
