2526 4246
147 150 181 205 66
511 165 544 204 n.
564 165 669 204 runnu
688 163 851 206 crasmarus

148 288 249 355 quam,
262 268 320 333 nisi
336 268 389 334 diu
404 260 596 354 multumque
611 269 796 355 scriptitarit,
813 270 931 335 etiamsi
948 270 1215 337 vehementIssime

147 372 234 438 sein
258 371 305 435 his
327 371 435 437 subitis
455 371 637 437 dictionibus
666 373 844 450 exercuerit,
875 383 1085 458 consequetur.
1110 373 1146 438 Et
1167 373 1214 460 qui

147 496 164 540 a
186 473 337 540 scribendi
359 475 578 540 cousuetudine
600 474 637 539 ad
659 473 822 541 dicendum
844 475 946 553 venit„
962 475 1041 541 hano
1063 475 1163 542 adfert
1180 477 1215 540 Ia-

147 579 299 654 cultatem,
322 587 365 655 ut,
389 578 480 642 etiam
503 577 602 643 subito
624 577 649 641 si
672 577 759 654 dicat,
778 587 881 642 tamen
897 577 959 656 illa,
975 598 1054 663 quae
1068 577 1213 655 dicantur,

147 679 259 745 similia
279 680 462 765 scriptomm
484 700 549 745 esse
570 679 750 757 videantur;
774 690 864 764 atque
886 679 988 759 etiam,
1004 680 1029 744 si
1049 681 1172 766 quando
1186 682 1214 745 in

146 782 273 848 dicendo
294 782 441 867 scriptum
463 782 598 848 attulerit
620 781 745 867 aliquid,
768 801 837 847 oum
852 781 891 846 ab
916 802 952 847 eo
978 781 1158 861 discesserit,
1175 803 1215 849 re·
1256 792 1259 797 '

72 893 122 948 153
147 885 230 970 quua
252 884 360 949 similis
382 884 477 949 oratio
499 893 708 969 consequetur.
760 883 798 950 Ut
823 884 969 950 concitato
997 885 1128 971 navigio,
1151 906 1215 952 oum

148 987 276 1074 remiges
288 987 499 1065 inhibuerunt,
513 987 624 1052 retinet
632 997 738 1052 tamen
750 988 815 1072 ipsa
827 987 914 1052 navis
925 999 1042 1053 motum
1055 999 1085 1053 et
1096 1008 1215 1055 cursum

146 1109 236 1154 suum
257 1089 431 1154 intermisso
453 1089 569 1175 impetu
595 1091 746 1174 pulsuque
774 1109 938 1166 remorum,
962 1089 1058 1154 sicin
1081 1092 1216 1157 oratione
1257 1104 1259 1111 '

145 1203 302 1277 perpetua,
325 1211 394 1257 cum
417 1191 527 1278 scripta
548 1191 704 1269 deliciunt,
727 1211 833 1278 parem
856 1200 959 1256 tamen
982 1191 1101 1258 obtinet
1123 1193 1215 1259 oratio

44 1376 48 1387 Ι
146 1294 263 1379 reliqua
286 1314 407 1360 cursum
429 1294 611 1380 scriptorum
634 1294 835 1360 similitudine
857 1303 887 1359 et
908 1294 938 1357 vi
961 1295 1118 1361 concitata.

69 1399 119 1455 tal
188 1396 356 1462 XXXIV.
380 1396 412 1460 In
435 1396 593 1462 cotidianis
615 1405 717 1462 autem
739 1395 1046 1462 commentationibus
1075 1398 1216 1483 equidem

145 1499 220 1564 mibi
245 1499 488 1565 adulescentulus
509 1519 682 1586 proponere
703 1499 838 1564 solebam
862 1499 947 1563 illam
969 1500 1217 1567 exercitationem

145 1603 287 1680 maxime,
311 1623 370 1687 qua
393 1602 423 1666 C.
448 1601 626 1679 Carbonem,
651 1612 788 1667 nostrum
804 1602 893 1667 illum
908 1601 1078 1680 inimicum,
1095 1603 1216 1670 solitum

145 1726 209 1771 esse
231 1707 274 1771 uti
290 1706 430 1782 sciebam,
447 1715 481 1770 ut
495 1715 548 1771 aut
562 1705 701 1770 versibus
715 1705 878 1790 propositis
894 1724 987 1790 quam
1002 1705 1138 1772 maxime
1152 1727 1216 1792 gra-

144 1808 232 1873 vibus
254 1818 306 1873 aut
327 1809 464 1872 oratIone
485 1808 587 1892 aliqua
609 1809 685 1873 lecta
700 1807 737 1872 ad
752 1826 823 1873 eam
840 1807 944 1884 finem,
960 1827 1053 1893 quem
1068 1810 1216 1875 memoria

143 1929 263 1995 possem
275 1909 544 1996 comprehendere,
561 1929 629 1974 eam
642 1929 707 1975 rem
719 1911 826 1995 ipsam,
840 1929 932 1994 quam
947 1910 1098 1996 legissem,
1113 1912 1217 1977 verbis

144 2012 211 2076 aliis
240 2032 333 2097 quam
362 2012 495 2077 maxime
517 2032 637 2097 possem
665 2013 764 2090 lectis,
792 2012 1036 2097 pronuntiarem.
1068 2012 1126 2078 Sed
1151 2026 1218 2101 post

142 2114 344 2180 animadverti
369 2115 425 2180 boc
447 2135 511 2180 esse
535 2115 566 2179 in
590 2115 646 2180 hoc
668 2115 744 2193 vitii,
768 2115 849 2200 quod
871 2135 906 2180 ea
927 2115 1031 2194 verba,
1054 2135 1134 2201 quae
1156 2136 1217 2183 ma-

143 2218 225 2284 xime
247 2218 391 2303 cuiusque
414 2219 458 2284 rei
480 2218 605 2304 propria
627 2238 766 2303 quaeque
787 2229 888 2298 essent
909 2217 1102 2283 ornatissima
1125 2229 1217 2306 atque

141 2322 264 2406 optima,
281 2331 451 2407 occupasset
466 2330 518 2385 aut
532 2319 656 2398 Ennius,
673 2321 696 2385 si
713 2320 751 2386 ad
767 2320 832 2386 eius
847 2340 953 2386 versus
966 2339 1016 2385 me
1029 2340 1216 2399 exercerem,

209 2546 279 2589 152.
294 2546 503 2599 scriptitarit.
522 2544 586 2589 Nota
601 2544 618 2588 it
633 2544 823 2598 freauentatIvo,
836 2557 904 2588 come
919 2557 967 2587 non
982 2544 1095 2590 bastasso
1109 2545 1184 2590 all'A.
1198 2544 1214 2589 il

143 2617 188 2659 diu
204 2616 376 2669 multumque.
397 2639 423 2645 -
441 2616 474 2659 in
492 2616 541 2659 bis
560 2616 680 2659 subitis
700 2615 900 2658 dictionibus
916 2635 943 2648 ==
959 2614 984 2658 in
1001 2618 1089 2669 questo
1106 2615 1162 2660 dire
1180 2618 1216 2662 al·

141 2685 316 2739 I'improvaso.
330 2710 356 2716 -
376 2690 471 2740 atque
490 2687 624 2731 etiam...
642 2689 861 2739 consequetur.
883 2685 980 2729 Intendi
997 2684 1059 2730 cosi:
1075 2699 1216 2738 aurorane

142 2756 182 2801 del
197 2756 306 2801 discorso
325 2755 386 2801 cvra
404 2757 489 2801 scritta
507 2770 557 2800 una
575 2760 646 2809 parte
665 2756 726 2809 sola,
748 2755 895 2808 proseguIrit
909 2769 924 2799 a
938 2755 991 2800 dIre
1006 2755 1023 2798 il
1038 2756 1177 2803 rimenente
1192 2759 1217 2803 in

141 2827 221 2879 gilisa,
235 2827 279 2871 che
295 2832 381 2880 questo
397 2839 444 2870 non
459 2826 533 2880 parre
548 2825 666 2870 dissimile
681 2825 749 2870 dalla
762 2831 834 2880 parte
848 2825 942 2871 soritis.

209 2933 279 2975 153.
295 2933 429 2986 ramices
453 2932 678 2984 inhibuerunt,
692 2930 761 2975 eltrI:
775 2931 967 2983 sustinuerunt,
981 2931 1183 2985 appoggIendosi
1202 2946 1217 2978 a

142 3008 237 3058 questo,
248 3003 292 3047 che
308 3003 356 3047 Oic.
367 3006 445 3048 stesso
456 3003 587 3056 nell'ept'st.
597 3002 633 3046 ad
642 3002 728 3055 Attio..
737 3002 806 3053 XIII,
815 3004 849 3050 21,
861 3001 915 3045 dIae
926 3002 1016 3047 essersi
1025 3001 1122 3055 pentito
1133 3002 1217 3048 d'ever

141 3080 212 3118 usnto
228 3074 322 3118 altrove
336 3087 421 3119 remos
435 3074 559 3118 inhibere.
568 3071 609 3117 Mo
620 3073 662 3126 qui
673 3073 752 3116 scrire
765 3073 883 3127 renunes,
892 3086 939 3116 non
950 3085 1043 3117 remos.
1053 3096 1077 3106 -
1092 3073 1102 3116 i
1107 3079 1215 3129 mpetu

139 3146 304 3199 pulsuque
318 3144 436 3194 (endIadi)
449 3157 590 3193 neniarum,
610 3156 655 3188 oon
674 3157 736 3196 gron
755 3143 823 3187 I'orza
842 3142 865 3186 di
887 3142 954 3187 remi.
970 3165 996 3173 -
1014 3143 1047 3186 in
1066 3145 1214 3190 oratione

141 3219 299 3271 perpetua
313 3236 340 3249 ==
354 3216 394 3259 nel
408 3228 479 3260 corso
494 3215 674 3265 dell'orozione.
688 3215 754 3258 nella
769 3215 827 3266 toga
843 3214 867 3258 di
883 3228 945 3258 essa.

182 3323 256 3375 cap.
272 3321 424 3364 XXXIV.
439 3343 466 3351 -
479 3320 550 3364 154.
565 3319 897 3372 commentationibus,
912 3318 1022 3373 esercizi,
1036 3331 1122 3375 prove,
1137 3319 1212 3374 segni.

140 3416 168 3423 —
185 3392 209 3437 U.
233 3391 413 3437 (larionem.
434 3390 573 3444 C.Papirio
589 3391 700 3435 Carbone
720 3391 746 3434 iu
768 3389 865 3434 tribuno
887 3389 953 3433 delle
972 3389 1045 3443 plebe
1068 3403 1081 3434 e
1100 3391 1143 3445 poi
1157 3403 1210 3436 con·

141 3465 207 3515 sole3
221 3462 326 3515 esilioto,
343 3462 363 3506 si
385 3460 512 3513 aurolenb.
532 3475 601 3506 come
624 3461 717 3514 leggesi
740 3461 779 3504 nel
802 3460 931 3505 (Brutus
946 3471 965 3505 ›.
985 3483 1012 3492 -
1032 3460 1213 3513 inimicum:

139 3534 228 3579 vedIne
247 3533 271 3576 Ia
291 3533 392 3585 ragione
407 3533 445 3576 nel
462 3536 472 3583 I
489 3535 534 3585 121,
552 3532 617 3577 nelle
632 3537 690 3577 note
704 3531 754 3576 alla
768 3544 828 3576 voce
846 3531 1029 3576 accusationis.
1043 3555 1070 3564 -
1084 3533 1126 3577 ad
1146 3543 1214 3578 eum

139 3606 246 3659 finem,
270 3616 395 3658 quem...
413 3623 440 3636 =
454 3609 530 3654 tenta.
544 3608 645 3657 quauta,
659 3602 725 3647 aiod:
739 3601 919 3646 arrestandomi
934 3616 949 3645 e
963 3602 1021 3655 quel
1036 3605 1113 3656 punto
1128 3602 1209 3649 ohe...

140 3700 167 3709 -
182 3676 288 3728 lectis,
302 3674 385 3727 scelte,
395 3674 510 3727 eleganti.
523 3698 545 3705 -
560 3676 752 3729 occupasset
766 3691 793 3708 =
808 3687 895 3717 avesse
905 3673 947 3725 gib
957 3677 1034 3717 usete.
1044 3673 1217 3718 —Idnne'us.

140 3748 166 3793 L.
181 3746 259 3790 Ennio
273 3758 369 3798 nanque
384 3745 423 3789 nel
437 3747 528 3789 dli-239
543 3745 567 3789 in
582 3744 685 3799 RudIae‚
698 3757 785 3797 presso
801 3744 886 3788 Leooe.
905 3743 941 3787 Fu
956 3743 973 3786 il
988 3747 1064 3797 poste
1081 3743 1125 3789 ohe
1139 3739 1216 3788 diedo
1257 3788 1259 3793 ,

36 3798 44 3825 ’“
137 3818 155 3861 il
172 3816 284 3869 maggior
297 3815 403 3869 impulso
418 3815 468 3860 alle
481 3815 589 3869 linguae
601 3815 651 3859 alle
660 3815 747 3868 poesia
761 3814 845 3859 latIna.
860 3814 953 3859 Sorisse
969 3815 1043 3859 molte
1057 3809 1212 3869 ermenredi
1252 3806 1259 3871 j

125 3888 157 3928 20
169 3887 238 3929 delle
252 3886 324 3940 quali
342 3885 460 3932 abbiamo
475 3886 483 3931 i
497 3886 561 3932 titoli
576 3899 589 3932 e
605 3885 686 3930 alcuni
706 3884 853 3940 frammenti,
872 3884 1006 3930 commedio
1026 3884 1057 3930 ed
1071 3897 1121 3931 uun
1133 3881 1214 3929 sun·
