2526 4246
158 152 209 205 124
523 163 556 201 3.
576 162 681 203 runnu
699 159 860 203 emenonis

160 269 303 355 reperies.
327 268 475 335 Omnium
505 279 607 333 autem
636 267 833 353 ineptiarum,
856 275 1028 352 quaesunt
1058 265 1211 331 innumera·

160 368 245 446 biles,
269 367 352 433 haud
374 367 466 433 seiam
487 387 526 431 an
550 367 635 432 nulla
664 365 702 430 sit
728 365 835 443 maior,
863 384 965 450 quam,
992 374 1027 430 ut
1049 363 1094 430 illi
1123 365 1211 435 solent,

159 486 350 552 quorumque
371 466 404 529 in
426 466 499 541 loeo,
523 484 729 550 quoscumque
744 464 825 529 inter
841 462 982 529 homines
1001 463 1103 529 visum
1124 471 1171 539 est,
1184 458 1212 524 de

160 565 251 631 rebus
272 575 324 630 aut
346 563 533 629 difficillimis
556 572 608 628 aut
631 582 692 627 non
716 561 893 627 necessariis
915 561 1109 646 argutissime
1129 560 1211 645 dispu-

160 675 233 729 tare.
257 662 317 729 lloo
331 683 386 727 nos
401 662 440 727 ab
455 661 519 726 istis
534 660 779 725 adulescentibus
794 659 892 725 lacere
910 658 998 723 inviti
1015 669 1046 725 et
1061 666 1211 725 recusantes

161 761 227 827 heri
251 761 341 826 ooaoti
365 781 478 826 sumus.

101 864 133 917 19
203 862 242 927 V.
265 859 342 925 Tum
366 857 501 924 Catulus:
525 856 567 922 Ne
589 855 694 922 Graeci
718 856 852 942 quidem,
870 855 980 941 inquit,
996 854 1112 933 Crasse,
1130 852 1209 940 quiin

159 957 329 1022 civitatibus
352 957 414 1022 suis
441 956 514 1020 olari
543 966 572 1020 et
599 955 701 1041 magni
730 954 864 1032 fuerunt,
893 953 979 1020 sicuti
1002 963 1038 1020 tu
1064 974 1096 1020 es
1117 968 1210 1036 nosque

159 1075 265 1121 omnes
288 1056 319 1119 in
342 1064 444 1119 nostra
468 1075 501 1120 re
523 1055 645 1139 publiea
660 1056 802 1120 volumus
817 1074 892 1132 esse,
911 1054 1023 1119 horum
1039 1052 1209 1125 Graecorum

159 1153 212 1239 qui
244 1174 276 1218 se
310 1153 461 1218 inculcant
495 1153 620 1218 auribus
652 1153 772 1230 nostris,
807 1152 922 1218 similes
955 1151 1091 1229 fuerunt,
1118 1168 1167 1216 neo
1187 1146 1210 1211 in

97 1270 132 1323 20
159 1252 219 1317 otio
241 1271 397 1317 sermones
422 1251 512 1317 liuius
535 1250 617 1316 modi
638 1250 920 1336 disputationesque
934 1249 1101 1337 fugiebant.
1143 1248 1176 1313 113
1192 1243 1209 1309 si

160 1350 213 1414 tihi
236 1349 389 1426 videntur,
409 1349 461 1434 qni
485 1349 641 1434 temporis,
665 1349 716 1434 qui
740 1349 806 1424 1331,
824 1349 874 1433 qui
896 1348 1060 1414 hominum
1084 1347 1210 1413 rationen

159 1469 221 1514 non
252 1449 375 1525 hahent,
404 1447 510 1533 inepti,
540 1448 616 1512 sient
645 1448 758 1513 debent
787 1447 896 1526 videri,
927 1466 1003 1513 num
1033 1447 1153 1513 tandem
1173 1444 1237 1533 aut'¹

159 1550 240 1612 loeus
263 1548 312 1612 hio
334 1567 397 1611 non
414 1546 540 1611 idoneus
555 1547 686 1623 violetur,
710 1546 742 1610 in
766 1566 825 1630 quo
847 1545 982 1631 porticus
1000 1545 1076 1611 13333
1090 1546 1160 1631 ipsa,
1172 1538 1209 1608 nb'

161 1647 451 1722 nrtnoambulamns,
462 1655 492 1709 et
503 1647 652 1729 palaestra
669 1654 699 1709 et
709 1644 833 1710 totloeis
845 1643 993 1709 sessiones
1004 1643 1212 1730 gymnasiorum
1239 1662 1242 1667 ·

160 1755 190 1808 et
212 1742 395 1808 Graecorum
418 1742 658 1826 disputationum
685 1742 865 1808 memoriam
888 1741 1022 1827 quodam
1045 1740 1133 1807 modo
1153 1755 1212 1805 rom·

160 1846 303 1906 movent?
327 1850 378 1906 aut
400 1861 476 1904 num
495 1842 706 1925 importunum
723 1851 843 1925 tempus
866 1841 899 1904 13
923 1849 1005 1905 tanto
1021 1841 1092 1917 otio,
1107 1837 1180 1926 quod
1192 1844 1214 1901 et

162 1959 230 2003 raro
253 1938 342 2002 datur
364 1948 394 2002 et
417 1958 498 2002 nuno
520 1948 679 2023 peroptato
695 1938 782 2002 nobis
802 1940 910 2004 datum
932 1944 995 2004 est?
1018 1949 1072 2005 aut
1096 1936 1214 2004 homines
1250 1962 1254 1975 -

161 2038 199 2102 ab
222 2036 279 2100 1333
299 2055 411 2122 genere
441 2035 653 2121 disputationis
682 2037 785 2111 alieni,
808 2037 860 2122 qui
884 2057 991 2103 omnes
1014 2037 1035 2101 ii
1058 2057 1168 2113 sumus,
1190 2041 1215 2098 nt

100 2155 131 2206 -21
161 2136 226 2200 sine
254 2134 301 2198 his
331 2134 437 2199 studiis
464 2134 558 2199 vitam
591 2136 708 2199 nnllam
732 2155 796 2199 esse
819 2135 982 2201 dnoamus?
1027 2135 1136 2202 Omnia
1163 2135 1215 2201 ista.

161 2234 261 2320 inquit
284 2233 416 2310 Crassus,
440 2254 494 2319 ego
517 2233 576 2299 alio
600 2233 1216 2320 33333131333331333313333333313

161 2346 253 2399 stram
277 2344 306 2398 et
329 2333 414 2398 sedes
437 2344 467 2398 et
488 2334 621 2418 porticus
643 2333 735 2397 etiam
758 2333 849 2418 ipsos,
870 2331 983 2410 Catule,
1008 2331 1217 2398 Graecosexer·

161 2432 311 2496 citationis
333 2442 363 2496 et
387 2431 629 2516 [delectationis]‚
646 2450 708 2495 333
731 2431 943 2516 disputationis
965 2451 1063 2507 eausa,
1079 2429 1217 2496 invenisse
1249 2416 1254 2425 ’

161 2529 302 2594 arbitror.
326 2529 400 2593 Nam
423 2538 453 2593 et
475 2530 602 2594 saeoulis
625 2530 729 2595 multis
749 2541 820 2594 ante
841 2529 998 2615 gymnasia
1013 2529 1136 2594 inventa
1149 2535 1216 2601 sunt,

161 2647 253 2710 quarn
271 2627 301 2690 in
317 2627 353 2690 iis
368 2626 544 2711 philosophi
560 2627 677 2711 garrire
692 2639 866 2712 coeperunt,
883 2637 913 2699 et
929 2627 985 2692 hoo
999 2628 1066 2713 ipso
1085 2638 1217 2713 tempore,

163 2827 195 2858 ro
197 2813 319 2867 333133,
341 2813 431 2865 perche
450 2826 499 2856 non
514 2812 705 2865 rorrispoudono
721 2813 751 2856 nd
763 2815 867 2868 ineptus
882 2814 912 2858 nd
927 2807 1036 2873 ἄτοπος,
1049 2813 1080 2859 ne
1095 2805 1219 2874 ἀσχήμων,

163 2889 192 2933 n'e
208 2880 379 2946 ἀνάρμοστος.
394 2911 419 2917 -
436 2887 466 2930 Η
470 2900 512 2931 33.
533 2886 576 2929 Nel
593 2887 704 2932 trnrlurre
720 2889 766 2932 loeo
781 2888 910 2941 aggiungi:
928 2894 1047 2943 uppnnto.

203 2973 276 3026 (lap.
292 2973 330 3016 V.
347 2972 429 3014 —1n.
445 2971 556 3014 lterum
580 2970 790 3023 Graecorum,
807 2971 830 3014 di
841 2972 920 3024 questi
937 2971 981 3016 ohe
997 2985 1057 3017 sono
1072 2987 1087 3018 n
1102 2972 1220 3025 1133333331

162 3040 304 3093 1333333333,
320 3038 327 3081 1
342 3036 385 3091 pili
396 3036 432 3081 de'
444 3037 597 3090 3331133333
613 3037 785 3088 vanegloriosi.
797 3038 894 3090 loquuoi
905 3037 935 3081 od
946 3037 1025 3083 inetti.
1039 3062 1066 3069 -
1080 3039 1198 3083 similet
1210 3031 1220 3077 1

163 3105 310 3151 d'ordinorio
326 3110 363 3149 eol
379 3117 442 3156 gen..
457 3103 556 3156 quaudo
568 3103 587 3146 si
599 3103 708 3147 ril’erisee
719 3103 749 3147 od
766 3104 841 3147 essuri
858 3104 966 3148 animati.
980 3127 1006 3134 —
1020 3117 1052 3149 33
1070 3101 1221 3150 inculcant

163 3174 300 3218 3331333
316 3171 441 3216 nostris
487 3174 550 3213 tutto
559 3169 583 3213 dl
592 3169 613 3213 31
626 3178 762 3223 [3333333333
775 3170 962 3214 1333333133.-
974 3171 1006 3216 in
1025 3172 1090 3216 otio
1099 3192 1125 3206 ·-
1135 3166 1221 3226 quando

163 3255 193 3284 33
208 3253 287 3284 avenn
301 3239 357 3291 agio
373 3251 386 3281 o
402 3242 492 3290 tempo.

230 3320 282 3363 20.
295 3318 471 3373 3331333133
487 3315 499 3359 ie
516 3316 530 3359 11
550 3317 623 3368 luogo
646 3316 707 3359 doro
731 3315 749 3359 si
772 3315 797 3360 fn
819 3316 842 3359 ln
865 3316 926 3360 lottu
941 3316 981 3366 (du
995 3310 1223 3378 nodutim-ledon

164 3392 202 3444 poi
219 3389 330 3441 significo
346 3389 422 3433 erlehe
438 3388 455 3431 il
470 3389 544 3441 luogo
560 3388 621 3432 dove
638 3387 643 3431 i
659 3388 745 3432 filosofi
761 3391 881 3432 tenoruuo
893 3389 914 3432 le
932 3389 983 3433 loro
998 3389 1126 3436 adnnanze
1141 3404 1154 3435 e
1167 3388 1222 3434 1333·

162 3472 225 3502 runo
241 3457 338 3500 seuolu:
354 3456 377 3498 lu
392 3456 453 3499 letto
473 3469 514 3498 eru
536 3455 559 3498 13
582 3469 635 3498 osse
652 3456 675 3498 13
690 3455 848 3499 disrnssione.
864 3479 889 3485 --
904 3461 1100 3502 eorrtntonertt
1116 3456 1222 3501 -31333-

162 3524 252 3575 glinuo.
267 3544 292 3551 -
307 3522 360 3574 out
384 3534 493 3564 omnes
509 3541 535 3554 ==
553 3523 643 3575 333133
658 3534 753 3565 ornnes.
768 3545 792 3551 —
810 3523 909 3565 311333
930 3523 1059 3568 3311333
1075 3517 1222 3577 corrisponde

162 3596 185 3637 31
201 3607 275 3643 greco
291 3583 343 3648 βίος
362 3583 481 3649 ἀβίωτος.
501 3592 544 3636 riu
560 3605 687 3645 appresso,
702 3592 740 3635 nel
755 3596 766 3641 3
780 3593 813 3644 25,
824 3604 867 3635 3333
882 3592 1037 3645 espresaione
1051 3593 1096 3647 piu
1111 3593 1167 3638 ruite
1177 3589 1222 3635 dire

162 3662 207 3706 rlre
223 3663 246 3706 13
261 3662 311 3705 ritu
325 3663 382 3706 aine
396 3664 437 3706 1313
452 3663 549 3706 31331113
565 3660 577 3705 i·
594 3662 646 3705 solo
662 3663 804 3705 1333333333.

230 3746 278 3789 21.
293 3746 347 3789 sed
353 3758 383 3788 33
407 3749 434 3789 et
458 3746 618 3798 portione,
632 3744 640 3787 i
656 3744 727 3788 sedili
742 3757 755 3787 o
770 3744 777 3787 i
793 3743 881 3796 portici
897 3743 941 3788 elio
957 3744 981 3788 di
996 3745 1068 3790 solito
1079 3759 1153 3791 erano
1167 3740 1226 3789 33113

162 3813 279 3864 palestra.
295 3834 321 3841 —
334 3812 477 3865 3333133,
494 3823 538 3863 por
549 3810 674 3864 dispregio
686 3814 770 3855 ooutro
787 3810 793 3853 i
808 3810 942 3855 filosol‘onti
958 3810 989 3854 da
1000 3816 1135 3866 strepitum,
1149 3805 1224 3865 spooie

154 3879 235 3922 (ir-roi.
252 3901 278 3908 —
290 3877 425 3932 par-rire
446 3880 626 3932 coeperunt.
640 3877 668 3921 ln
682 3877 723 3921 lut.
739 3877 758 3920 oi
775 3876 883 3930 adopera
900 3878 1012 3931 coepisse
1027 3892 1073 3923 eon
1088 3878 1153 3933 l'inf.,
1163 3882 1228 3921 33133
