2526 4246
141 143 175 196 38
506 159 540 198 nr.
560 159 666 199 runnu
686 158 849 201 melanurus

139 259 254 339 Graeci,
278 262 302 327 si
327 264 444 339 volunt,
467 262 635 348 Lycurgum
658 275 710 330 aut
730 264 874 330 Solonem
887 302 929 310 —
945 284 1132 350 quamquam
1148 265 1219 330 illos

139 363 264 448 quidem
276 383 435 430 censemus
450 365 481 430 in
498 385 628 432 numero
643 367 853 452 eloquentium
869 367 1061 453 reponendos
1072 405 1114 414 —
1126 367 1219 433 scisse

127 467 259 545 melius,
284 488 377 553 quam
393 468 574 555 Hyperidem
591 479 643 536 aut
657 469 908 547 Demosthenem,
923 468 1072 555 perlectos
1086 469 1148 535 iam
1165 470 1220 536 ho

139 570 239 635 mines
261 571 296 635 in
317 570 444 636 dicendo
466 582 496 637 et
517 572 693 658 perpolitus,
716 573 766 637 vol
782 573 877 638 nostri
893 571 1090 649 decemviros,
1107 572 1160 658 qui
1176 593 1219 637 1111

140 672 258 738 tabulas
280 673 532 759 perscripserunt,
546 694 621 759 quos
638 694 759 740 necesse
773 684 819 741 est
834 674 925 740 luisse
941 674 1119 760 prudentes,
1134 685 1219 739 ante-

140 784 258 862 ponant
280 775 313 839 in
336 775 393 841 hoc
413 795 525 861 genere
547 786 577 841 et
599 775 665 842 Ser.
688 775 802 842 Galbae
824 787 854 843 et
876 796 979 842 socero
992 786 1046 842 tuo
1060 774 1091 841 C.
1105 776 1218 854 baalia,

81 885 115 939 59
142 897 217 963 quos
231 887 347 943 constat
361 876 485 969 dicendi·
495 879 591 971 gloria
606 878 801 967 praestitisse.
827 878 904 1046 pileo
919 879 1003 944 enim
1019 878 1136 965 negabo
1151 899 1219 944 esse

142 979 298 1065 quasdam,
310 952 413 1066 parths'
423 970 698 1073 'proprias'eorum
714 982 766 1067 qui
782 980 829 1047 in'
857 982 883 1046 is
899 980 1111 1068 cognoscendis
1126 986 1220 1066 atque

143 1082 306 1147 tractandis
318 1082 452 1148 studium
464 1102 554 1149 suum
565 1103 656 1150 omne
668 1083 915 1169 posuerunt3scd
926 1093 1079 1150 oratorem
1087 1085 1218 1170 plenum

143 1194 234 1269 atque
255 1183 424 1269 perlectum
447 1205 511 1251 esse
533 1206 614 1262 eum,
639 1186 690 1272 qui
713 1187 751 1252 de
773 1187 917 1253 omnibus
939 1186 1031 1252 rebus
1056 1186 1151 1272 possit
1174 1207 1219 1252 co

143 1287 227 1374 piose
250 1287 395 1373 varieque
417 1287 526 1354 dicere.

84 1446 87 1451 .
186 1389 282 1456 XIV.
306 1389 426 1456 Etenim
447 1411 537 1477 saepe
560 1391 645 1456 iniis
664 1391 770 1466 causis,
786 1411 861 1475 quas
875 1390 1138 1556 omnepppppgpas
1153 1410 1220 1456 esse

143 1502 299 1559 oratorum
321 1493 515 1571 confitentur,
538 1503 583 1558 est
605 1492 730 1579 aliquid,
759 1491 840 1578 quod
865 1512 928 1558 non
954 1490 991 1567 aa
1013 1506 1071 1583 usu
1105 1492 1218 1568 orensi,

145 1615 236 1680 quem
259 1596 357 1662 solum
381 1595 551 1662 oratoribus
573 1595 744 1672 conceditis,
773 1595 834 1679 sed·
851 1615 889 1667 ex
915 1582 1089 1660 obscuriore
1115 1594 1219 1680 aliqua

82 1702 116 1755 60
144 1698 268 1764 scientia
294 1699 333 1762 sit
358 1698 562 1783 promendum
588 1708 679 1783 atque
704 1680 936 1764 adsumendnm.
986 1697 1106 1781 Quaero
1133 1697 1219 1764 enim

144 1821 219 1867 num
242 1802 336 1887 possit
358 1811 409 1867 aut
431 1812 535 1867 contra
557 1803 772 1889 imperatorem
797 1812 849 1868 aut
871 1823 927 1888 pro
950 1802 1137 1888 imperatore
1158 1800 1216 1866 dici

144 1904 210 1968 sine
233 1904 276 1968 rei
299 1904 440 1968 militaris
461 1926 519 1970 usu
541 1915 593 1971 aut
615 1918 705 1990 saepe
727 1905 819 1970 etiam
845 1906 912 1970 sine
938 1904 1099 1991 regionum
1125 1913 1219 1969 terre

144 2007 253 2072 strium
272 2016 324 2072 aut
346 2007 571 2074 maritimarum
594 2007 734 2087 scientia;
758 2027 833 2073 num
856 2008 936 2093 apud
958 2007 1109 2093 populum
1125 2007 1164 2072 de
1178 2008 1219 2071 le

144 2108 231 2194 gibus
245 2108 385 2185 iubendis
397 2119 448 2174 aut
459 2109 608 2186 vetandis,
622 2110 860 2197 numinsenatn
872 2109 910 2174 de
921 2108 1006 2174 omni
1021 2109 1066 2175 rei
1078 2107 1219 2193 publicae

144 2230 256 2298 genere
271 2209 329 2275 dici
342 2210 408 2276 sine
418 2231 537 2277 summa
550 2200 802 2278 rerum'civilium
813 2211 984 2298 cognitione
998 2221 1028 2277 et
1042 2210 1218 2296 prudentia,

145 2334 221 2380 num
244 2310 400 2380 admoveri
422 2316 517 2399 possit
538 2315 634 2380 oratio
649 2314 687 2380 ad
702 2334 808 2380 sensus
823 2314 998 2379 animorum
1012 2322 1104 2398 atque
1118 2322 1220 2397 motus

213 2545 265 2588 58.
280 2544 328 2588 vel
346 2543 462 2588 Graeci
474 2556 572 2596 -pure
583 2543 590 2585 i
602 2542 682 2586 Greci.
696 2565 721 2572 -
731 2541 922 2597 Lycurgum,
938 2539 1219 2595 legislatorediSparta.

145 2614 299 2668 Solonem,
312 2615 467 2659 ritormatore
482 2613 549 2657 della
562 2612 723 2657 coatitnzione
738 2612 762 2657 di
777 2614 864 2665 Alone,
878 2612 976 2656 dov'era
986 2615 1044 2656 nato
1058 2624 1133 2656 verso
1147 2611 1165 2656 il
1179 2612 1220 2657 cll)

146 2700 168 2730 a.
182 2685 207 2729 C.
221 2683 290 2738 Mori,
304 2684 369 2729 forse
385 2683 462 2728 anche
477 2683 508 2726 ad
523 2684 610 2736 Alone,
624 2683 664 2727 nel
678 2685 724 2735 559,
739 2682 793 2728 cioh
808 2683 873 2737 dopo
888 2682 932 2727 ohe
947 2681 1078 2727 Pisistrato
1087 2694 1113 2728 se
1123 2696 1155 2727 ne
1164 2681 1218 2728 fece

146 2756 252 2809 signore.
272 2755 309 2799 Fu
323 2757 430 2808 oratore,
444 2752 547 2806 fllosofo,
562 2766 610 2797 uno
626 2752 663 2796 de·
678 2757 740 2798 sette
756 2754 870 2808 sapienti.
888 2778 914 2785 -
935 2752 1140 2809 Hyperidem,
1161 2757 1219 2799 nato

146 2827 170 2871 in
185 2827 264 2871 Alone
278 2826 318 2871 nel
332 2827 372 2870 389
386 2839 408 2870 a.
422 2824 455 2877 (1.,
468 2823 530 2869 fatto
552 2823 666 2869 accidere
691 2823 723 2868 da
742 2825 875 2879 Antipatro
894 2825 933 2870 nal
952 2827 1000 2869 322.
1013 2824 1050 2870 Fu
1064 2829 1164 2870 oratore
1179 2824 1217 2870 del

146 2897 237 2951 partito
252 2895 446 2942 ontimacedone.
460 2894 554 2940 Scrisse
568 2893 612 2949 piu
626 2894 651 2939 di
665 2896 692 2939 50
706 2896 822 2940 orazioni.
836 2895 987 2949 Quintiliano
1002 2896 1025 2941 lo
1040 2895 1139 2940 chiama
1148 2896 1219 2941 ‹lolca

147 2969 177 3013 ed
192 2972 271 3013 acuto.
285 2991 311 2998 -
325 2967 579 3020 Demosthenem
592 2978 687 3021 nacque
703 2965 727 3010 in
742 2968 821 3012 Atena
832 2966 897 3011 forse
908 2966 924 3010 ll
935 2968 976 3010 383
986 2980 1008 3011 a.
1018 2966 1050 3021 C„
1063 2965 1127 3011 morl
1140 2967 1158 3011 il
1172 2968 1220 3011 322.

146 3039 168 3083 A
180 3038 288 3092 giudizio
304 3038 341 3083 de'
351 3037 421 3092 dotti,
435 3037 461 3081 lu
476 3036 492 3081 il
509 3036 622 3092 principe
638 3036 704 3090 degli
719 3037 812 3082 oratori
831 3038 883 3087 (cui
896 3038 952 3082 aine
966 3037 1045 3081 doc-bio
1058 3049 1167 3081 summa
1180 3038 1220 3082 eia

147 3111 250 3155 dicendi
266 3110 421 3163 conceditur,
435 3113 445 3160 1
459 3111 521 3163 2601ς
535 3122 548 3153 e
564 3107 630 3153 della
645 3121 689 3153 sua
704 3107 841 3163 eloquenza
856 3122 869 3153 e
884 3107 1035 3153 ‹lell'abilith
1047 3121 1094 3152 aua
1108 3107 1129 3153 si
1144 3107 1222 3160 valse,

147 3181 237 3236 perche
252 3195 279 3226 ro
293 3180 391 3235 Filippo
407 3180 431 3224 di
445 3178 590 3225 Macedonia
605 3192 653 3223 non
668 3178 791 3225 divenisae
806 3179 917 3234 padrone
935 3179 1001 3224 della
1017 3177 1114 3223 Gracia.
1131 3202 1157 3209 —
1173 3180 1220 3224 de-

147 3254 308 3306 cemuiros,
329 3251 382 3296 cioe
398 3252 405 3296 i
420 3251 483 3296 dieci
499 3249 638 3303 magistrati
653 3249 698 3294 che
708 3251 749 3294 nel
759 3253 799 3295 450
809 3251 881 3296 lnron
892 3248 1000 3295 investiti
1012 3249 1035 3293 di
1046 3249 1127 3303 poteri
1138 3249 1224 3295 illimi-

146 3325 192 3369 tati
203 3337 248 3378 per
257 3323 391 3377 compilare
402 3335 481 3367 nuova
495 3320 570 3375 leggl,
581 3320 645 3374 dopo
656 3320 701 3365 che
716 3319 757 3374 Sp.
767 3322 900 3376 Postumio,
910 3323 938 3366 A.
947 3319 1039 3365 Manlio
1050 3333 1063 3364 e
1073 3319 1100 3365 P.
1109 3319 1227 3376 Sulpicio

148 3395 239 3440 ebbero
253 3394 361 3439 raccolte
376 3394 440 3438 nelle
455 3392 516 3438 cirta
530 3391 620 3446 gracha
635 3391 733 3436 d'ltalia
747 3393 764 3437 il
780 3392 870 3446 meglio
885 3392 949 3437 delle
963 3390 1029 3444 legal
1040 3404 1053 3435 e
1064 3391 1224 3438 costituzioni

148 3465 208 3508 loro.
224 3463 257 3507 111
271 3462 333 3507 XII
343 3463 450 3507 tabulae
464 3467 551 3508 tenner
565 3463 637 3506 conto
652 3460 677 3504 di
692 3467 779 3514 queste
795 3463 868 3516 leggi,
879 3476 919 3507 ma
933 3461 953 3506 ai
967 3460 1104 3506 fondarono
1116 3462 1228 3516 special-

147 3538 228 3579 mcnte
243 3535 305 3579 sulla
321 3534 417 3579 antiche
432 3532 603 3580 consuetudini
619 3532 643 3577 di
658 3533 737 3577 Roma
752 3549 765 3579 e
780 3534 819 3580 dei
835 3533 920 3589 popoli
935 3532 1018 3577 italici.

188 3640 262 3693 (lap.
278 3641 366 3685 xlv.
382 3664 407 3670 -
423 3641 475 3685 1111.
498 3632 630 3685 obscuri
635 3652 686 3684 ore
704 3644 740 3688 l-
754 3640 935 3686 obscuriorum
953 3642 1059 3692 reram),
1078 3637 1122 3691 pin
1137 3652 1226 3685 recon-

148 3711 198 3754 dita
215 3726 227 3754 o
243 3714 345 3755 astrusa.
360 3710 407 3755 Clr.
421 3712 442 3765 3,
456 3711 535 3756 10:512
550 3710 708 3755 obscuritate
722 3723 821 3756 rer-am.

215 3816 267 3860 60.
283 3828 391 3861 rerum
411 3816 561 3862 ciciliam
581 3815 765 3870 cogitatione
787 3820 815 3862 et
835 3815 1029 3870 predonum
1048 3813 1092 3858 r'h
1114 3813 1221 3860 1111111111.

132 3882 164 3924 si
177 3885 296 3931 tradurrri
318 3899 377 3933 con:
399 3887 544 3941 cognicione
558 3885 653 3932 teorica
667 3898 680 3929 e
695 3887 793 3939 pratica
808 3887 847 3932 del
862 3884 953 3930 diritto.
973 3906 998 3915 -
1019 3896 1134 3931 aeneus
1156 3898 1195 3931 arr
1202 3885 1222 3929 1·
