2526 4246
233 144 276 183 uu
288 144 514 185 outcome-nm.
527 145 550 193 1,
570 143 640 184 oar.
655 144 821 194 xxxix-xo,
838 140 847 192 e
863 141 954 184 tre-183
1096 133 1130 185 77

89 251 166 317 XL.
191 249 309 316 Omitto
331 251 393 316 iam
415 253 504 336 plura
520 252 660 336 exempla
675 270 833 317 causarum
860 250 1129 336 amplissimarum,
1159 269 1206 322 181

48 372 126 438 quae
148 362 223 420 sunt
246 340 500 419 innumerabilia:
522 351 629 438 capitis
651 352 747 417 nostri
765 373 856 438 saepe
871 362 970 438 potest
984 353 1128 431 accidere,

49 467 82 521 ut
102 464 401 529 causaeversentur
421 455 454 519 iu
476 455 553 521 iure.
582 455 711 532 Etenim,
735 455 758 519 si
782 453 822 550 C.¹
838 455 1019 529 Mancinum,
1045 455 1130 521 nobi-

51 559 203 624 lissimum
226 568 320 642 atque
341 557 492 644 optimum
515 559 617 623 virum
639 567 730 642 atque
752 560 952 635 consularem,
975 578 1044 625 cum
1059 578 1130 625 eum

50 673 178 747 propter
201 660 354 726 invidiam
376 660 553 727 Numantini
576 660 705 727 foederis
727 673 816 747 pater
836 671 973 747 patratus
990 681 1028 726 ex
1044 661 1073 725 S.
1098 659 1128 725 C.

52 763 249 840 Numantinis
271 764 436 830 dedidisset
458 784 591 850 eumque
606 764 651 828 illi
667 784 727 829 non
757 764 941 849 recepissent
967 775 1131 850 posteaque

54 867 210 933 Mancinus
232 866 362 933 domum
385 867 552 932 revenisset
570 886 670 952 neque
691 867 724 931 in
739 876 877 932 senatum
896 867 1024 933 introire
1045 866 1131 932 dubi·

54 981 154 1046 tasset,
178 970 209 1035 P.
234 969 376 1046 Rutilius,
392 968 429 1034 M.
447 969 538 1047 iilius,
554 970 819 1056 tribunusplebis,
836 971 924 1036 iussit
938 970 1034 1044 educi,
1050 970 1131 1056 quod

54 1093 124 1138 eum
146 1074 247 1139 civem
270 1082 398 1158 negaret
423 1092 498 1153 esse,
526 1072 596 1158 qnia
622 1073 770 1138 memoria
797 1073 838 1138 sic
864 1083 942 1138 esset
963 1073 1129 1159 proditum,

55 1195 147 1260 quem
168 1185 259 1262 pater
281 1196 355 1240 suus
377 1185 428 1239 aut
450 1177 581 1260 populus
604 1174 791 1241 vendidisset
813 1185 865 1240 aut
886 1185 974 1261 pater
995 1184 1131 1260 patratus

54 1278 230 1355 dedidisset,
245 1278 275 1343 ei
292 1278 414 1343 nullum
429 1297 494 1343 esse
514 1278 752 1363 postliminium:
798 1298 889 1362 quam
904 1299 1065 1364 possumus
1088 1299 1132 1343 re·
1160 1284 1210 1338 182

55 1381 217 1466 perimes
246 1379 391 1447 omnibus
416 1381 507 1446 rebus
532 1380 673 1446 civilibus
698 1401 819 1446 causam
845 1382 1132 1466 contentionemque

56 1484 203 1549 maiorem
227 1503 322 1569 quam
344 1481 382 1548 de
405 1469 522 1560 ordine,
546 1483 583 1548 de
605 1483 736 1560 civitate,
759 1483 798 1548 de
813 1484 962 1555 libertate,
979 1483 1016 1548 de
1033 1484 1131 1568 capite

58 1586 191 1651 hominis
202 1585 381 1661 consularis,
394 1586 574 1670 praesertim
587 1606 655 1651 cum
668 1586 742 1651 haec
753 1606 815 1651 non
828 1586 860 1650 in
875 1585 1004 1650 crimine
1018 1585 1130 1669 alique,

56 1688 137 1774 quod
159 1689 213 1754 ille
234 1697 339 1775 posset
359 1687 503 1765 infitiari,
526 1688 579 1754 sed
606 1689 638 1753 in
665 1689 746 1753 civili
775 1689 841 1754 iure
868 1688 1064 1754 consisteret?
1088 1688 1131 1752 Si-

56 1791 184 1876 milique
207 1791 240 1855 in
258 1809 381 1877 genere,
397 1791 543 1856 inferiore
557 1791 675 1867 ordine,
691 1792 716 1855 si
732 1792 800 1876 quis
814 1791 895 1876 apud
912 1811 967 1856 nos
989 1791 1131 1856 servisset

57 1914 95 1959 ex
117 1896 231 1980 populo
257 1892 409 1959 foederato
431 1915 556 1980 seseque
578 1895 736 1961 liberasset
759 1905 789 1960 et
808 1905 911 1981 postea
939 1894 1064 1960 domum
1089 1914 1132 1959 re-

58 1996 199 2073 venisset,
223 1995 396 2082 quaesitum
418 2006 463 2061 est
485 1997 566 2081 apud
589 1998 719 2062 maiores
735 2009 862 2074 nostros,
879 2017 953 2062 num
969 1997 995 2061 is
1010 1997 1048 2061 ad
1063 2017 1132 2062 suos

59 2099 246 2184 postliminio
270 2099 398 2164 redisset
412 2109 442 2164 et
457 2099 606 2165 amisisset
622 2101 699 2165 hanc
716 2100 878 2165 civitatem.
923 2098 1023 2182 Quid?
1047 2099 1085 2164 de
1100 2100 1132 2162 li·
1161 2104 1210 2159 183

61 2202 184 2280 herote,
208 2222 270 2287 quo
292 2200 436 2268 iudicium
459 2203 581 2288 gravius
603 2223 668 2268 esse
691 2204 811 2268 nullum
838 2212 945 2287 potest,
969 2222 1073 2267 nonne
1095 2222 1132 2266 ex
1163 2225 1166 2231 ·

102 2489 174 2543 cap.
190 2490 257 2533 XL.
273 2488 378 2531 -181.
399 2487 521 2542 capitio
544 2487 651 2531 nostri
672 2486 778 2539 diponde
794 2486 834 2530 dol
850 2488 968 2537 seguente
982 2498 1086 2538 canuae,
1102 2485 1132 2529 ed

10 2602 12 2607 .
66 2573 120 2604 eren
134 2560 216 2614 quelle
230 2559 256 2603 in
271 2557 312 2602 cui
328 2557 456 2602 trottovesi
472 2556 496 2601 di
512 2557 650 2601 mutoziouo
663 2557 687 2600 di
706 2562 777 2602 stato.
798 2581 824 2588 -
848 2555 872 2600 Ο.
893 2555 1087 2600 Maricinnnc.
1109 2557 1133 2602 Ο.

66 2630 148 2675 Ostilio
162 2631 284 2684 Mancino,
297 2623 398 2674 console
411 2629 501 2673 netsott
513 2630 517 2683 l
530 2630 575 2682 137,
590 2628 702 2672 sconfitto
717 2628 757 2672 dni
772 2627 922 2677 Numantini,
937 2627 1013 2671 fermo
1028 2642 1072 2672 con
1084 2628 1133 2672 ossi
1194 2631 1196 2635 ’

68 2715 113 2746 uua
125 2715 185 2756 pace
200 2700 373 2755 ignominioso,
394 2700 439 2744 ohe
460 2700 476 2743 il
500 2699 590 2744 Senatu
606 2712 653 2743 non
667 2700 732 2743 volte
748 2698 877 2743 rutidoare.
898 2698 1012 2744 Mancino
1035 2699 1069 2752 fu,
1089 2714 1135 2753 per

69 2773 145 2818 volere
159 2773 197 2818 del
211 2772 312 2824 Senatu,
325 2774 474 2824 consegnoto
490 2769 530 2815 del
542 2774 623 2824 pater
639 2774 769 2824 patratos
786 2771 809 2813 cl
828 2769 930 2822 nomino,
944 2770 1035 2824 porche
1053 2771 1133 2824 questi

71 2842 173 2897 erogasse
187 2845 241 2889 l'ire
256 2857 302 2888 suo
317 2856 346 2887 su
361 2841 385 2886 di
394 2841 472 2896 lui‚se
483 2842 593 2891 volesse;
608 2855 710 2885 menon
725 2841 751 2885 fu
766 2846 896 2894 accettemo,
911 2855 923 2886 e
940 2841 1009 2886 torno
1025 2857 1039 2886 o
1049 2842 1134 2886 Rome.

73 2913 93 2956 st
106 2914 199 2970 disputo
214 2929 240 2961 se
256 2915 361 2959 dovesse
375 2913 466 2958 tenersi
481 2913 505 2957 in
521 2917 593 2974 conto
609 2912 631 2956 di
648 2912 774 2957 cittadino.
789 2914 807 2956 ΙΙ
825 2914 916 2966 popolo
931 2913 996 2957 disse
1012 2913 1056 2957 che
1068 2913 1094 2956 sl.
1109 2937 1135 2943 --

75 2984 219 3032 inuidiam
240 3005 268 3020 ι-
288 2983 369 3029 l'odio
390 2984 513 3029 attiratosi
528 2997 609 3037 per...
633 2984 653 3026 Il
674 2997 729 3036 gen.
748 2987 866 3035 seguente
886 2983 898 3027 ὸ
919 2998 974 3036 ogg.
995 3007 1021 3014 —
1037 2987 1136 3037 parer

76 3059 231 3111 patratos,
251 3068 301 3100 uno
324 3055 361 3100 do'
376 3055 458 3099 fecioli
480 3054 598 3108 deputato
622 3069 637 3098 o
658 3054 763 3107 stipulor
777 3060 871 3106 tregue,
885 3054 980 3098 sancire
1002 3053 1104 3105 trattati,
1121 3070 1134 3097 n

79 3122 187 3172 dichiornr
203 3140 302 3180 guorm,
315 3139 331 3170 a
345 3138 482 3178 consegnnr
501 3125 598 3178 ostoggi
614 3124 638 3168 oi
651 3124 740 3168 nernioi
760 3138 781 3177 o,
802 3138 870 3169 corne
885 3125 924 3168 nol
939 3128 1022 3169 nostro
1037 3137 1102 3176 cuso,
1121 3138 1135 3166 a

80 3205 199 3250 consequar
212 3198 266 3243 loro
280 3196 339 3251 quei
354 3195 411 3241 duoi
432 3196 477 3240 che
493 3211 507 3240 o
521 3197 574 3240 loro
595 3193 683 3239 risohio
704 3209 716 3238 e
736 3196 845 3248 pericolo
861 3208 954 3239 cvevon
969 3207 1097 3248 promosso
1112 3194 1135 3237 la

81 3274 130 3314 lton
143 3281 155 3312 o
168 3269 230 3314 ultro
245 3268 291 3313 che
305 3266 323 3310 il
338 3265 428 3312 Sencto
442 3280 490 3311 non
505 3266 612 3310 orodovo
627 3265 652 3309 di
667 3269 797 3310 occettoro.
813 3288 837 3296 -
848 3265 1096 3320 postliminium
1109 3286 1136 3298 -

12 3362 15 3367 ·
83 3330 178 3383 ildiritto
187 3338 211 3384 di
223 3339 352 3392 ricuperar
361 3342 427 3382 certe
442 3350 499 3382 cose
510 3350 522 3381 e
538 3337 630 3381 ridurle
645 3337 695 3381 allo
706 3340 769 3381 stato
780 3336 912 3390 primitivo.
926 3335 986 3389 Qui:
1002 3335 1096 3380 riavore
1112 3337 1136 3381 lo

10 3432 17 3439 .
84 3398 234 3455 ettodtnanzu
248 3409 299 3454 (lic.
309 3411 388 3454 stesso
398 3407 473 3464 (Pop.
482 3410 502 3462 8,
511 3410 546 3456 31)
555 3421 586 3452 ue
597 3406 629 3451 do
639 3414 727 3461 questo
738 3407 888 3461 significato:
903 3407 1037 3452 Scaevola.
1046 3443 1065 3452 ..
1079 3407 1109 3454 P.
1115 3409 1137 3463 s.

13 3502 21 3520 ι
86 3472 182 3524 onium
192 3484 273 3536 putat
287 3492 343 3524 ecoe
355 3479 469 3533 verbnm,
482 3482 512 3524 nt
526 3480 562 3523 eit
575 3479 604 3522 in
615 3491 642 3522 eo
657 3482 751 3532 etpost
766 3483 790 3523 et
806 3480 890 3523 limen:
906 3482 935 3522 nt
950 3491 1016 3532 qnae
1031 3491 1048 3521 a
1063 3480 1136 3523 leobio

10 3568 23 3594 t·
87 3543 183 3595 atenaco
191 3555 261 3606 sunt,
270 3563 330 3596 cnm
340 3550 376 3595 co
384 3551 485 3595 noctem
491 3549 666 3605 pervenerint,
676 3553 699 3593 ct
715 3564 744 3593 on
753 3563 800 3594 eno
813 3553 952 3604 tamqnam
967 3549 1058 3592 limine
1073 3551 1137 3593 cnie-

10 3618 26 3660 ὲ
87 3614 133 3669 Mlti.
141 3621 194 3667 dein
203 3635 262 3667 cnm
271 3620 400 3679 redierint
410 3623 472 3675 post
482 3623 518 3667 od
527 3621 596 3664 idem
608 3620 696 3673 limen,
702 3620 869 3675 postliminio
879 3620 1020 3664 videantur
1030 3621 1136 3664 redisce.

10 3774 27 3791 ὦ
138 3726 201 3773 182.
222 3740 297 3773 num
320 3727 349 3770 io
372 3726 413 3771 od
432 3739 516 3771 onos.
539 3739 601 3771 ecc:
624 3738 649 3769 se
672 3725 728 3779 egli,
743 3730 841 3770 tornato
856 3725 880 3769 in
896 3725 979 3778 petria
999 3726 1045 3773 (ad
1059 3729 1138 3775 onos),

15 3797 32 3849 ’,
88 3798 156 3839 *tesso
169 3797 199 3842 ivi
213 3797 317 3852 regione
332 3795 357 3840 di
372 3796 477 3841 rientror
491 3796 531 3840 uei
546 3795 600 3840 suoi
611 3795 688 3839 diritti
703 3797 874 3850 (postliminio
883 3796 1010 3846 redisset),
1024 3807 1038 3837 o
1054 3808 1080 3838 so
1091 3807 1137 3837 oon

11 3852 30 3874 ‘⁶
91 3855 203 3913 nilaresco
216 3867 317 3923 perduti
337 3865 435 3912 idiritti
457 3866 522 3914 dello
540 3865 710 3912 oittcdinonzu
730 3881 838 3914 romono.
856 3868 937 3919 titano
957 3865 1114 3912 cinitotcntt.
