2526 4246
261 157 301 217 33
319 157 465 199 3333333
483 157 831 208 n1s.1,onr.xr1-x111,
853 157 942 208 3338
1103 144 1137 198 37

56 264 135 328 illis:
155 263 217 339 isti,
229 283 308 348 quae
318 264 357 330 de
369 264 417 329 his
430 264 521 330 rebus
533 264 698 350 disputant,
711 275 867 330 oratorum
882 264 1164 389 333333337331337377.

56 365 163 480 ltaque
186 374 301 431 eeteros
323 366 418 432 libros
440 367 513 432 artis
532 385 603 432 suae
617 366 798 454 [quemquel
815 367 950 444 nomine,
967 366 1022 432 hos
1027 334 1160 432 ’311313-7

56 468 134 534 31333
158 478 190 534 33
213 468 384 535 inscribunt
405 479 436 534 et
457 471 622 556 appellant.
669 468 797 546 Etenim,
813 489 882 536 oum
900 469 969 534 1111
962 490 993 534 m
1010 469 1137 534 dicendo
1163 475 1197 529 56

57 571 226 638 inciderint
249 570 314 649 1331,
338 571 419 657 quod
441 592 588 658 persaepe
609 573 721 649 evenit,
738 582 772 637 ut
786 572 825 637 de
841 572 887 637 dis
904 572 1135 648 immortalibus,

56 676 93 740 de
117 675 245 760 pietate,
259 674 298 740 de
317 675 485 752 eoncordia,
501 674 694 752 deamicitia,
710 675 748 740 313
767 675 919 741 3333331
938 674 1064 788 1313133
1086 674 1135 759 de]

58 778 226 843 liominum
249 777 300 862 [de
320 777 471 891 gentium]
488 778 563 891 iure,
584 778 622 891 de
640 779 800 864 aequitate,
817 777 855 843 de
870 787 1043 864 temperant
1045 778 1083 854 13,
1031 777 1137 843 tde

57 878 274 967 magnitudine
295 880 400 956 animi,
416 880 454 946 de
473 901 490 945 3
573 880 695 983 virtutis
710 900 822 966 genere
837 881 876 945 sit
864 879 1063 957 tdicendum,
1079 882 1135 945 313-

57 984 199 1061 mabunt,
223 982 322 1060 oredo,
346 960 1135 1073 3331333”13333333333311113333113333

56 1086 180 1151 scholae
203 1106 259 1151 sua
281 1105 345 1151 esse
368 1085 567 1151 haecomnia
589 1086 724 1172 propria,
748 1085 826 1150 nihil
850 1085 977 1152 omnino
1005 1086 1042 1150 ad
1072 1106 1136 1159 ora-

58 1201 156 1254 torem
178 1188 346 1273 pertinere.
391 1188 507 1271 Quibus
531 1206 594 1274 ego,
622 1199 655 1254 ut
681 1188 720 1253 de
750 1188 798 1253 his
825 1188 915 1255 rebus
937 1189 1080 1254 omnibus
1102 1191 1135 1254 in
1163 1200 1195 1253 57

58 1290 178 1377 angulis
202 1291 399 1356 consumendi
423 1291 475 1355 otii
495 1310 585 1355 33333
599 1290 760 1368 disserant,
776 1310 846 1356 oum
861 1309 1043 1369 conoessero,
1060 1292 1137 1358 illud

59 1406 161 1459 tamen
185 1393 300 1458 oratori
322 1393 456 1459 tribuam
478 1404 509 1458 et
527 1393 613 1468 dabo,
629 1404 664 1459 ut
679 1394 795 1471 eadem,
812 1393 850 1458 de
865 1393 975 1478 quibus
990 1395 1033 1458 illi
1051 1395 1156 1499 333317

60 1497 193 1580 staulam
216 1515 310 1561 exsan
352 1517 422 1599 tque
444 1516 587 1562 sermone
601 1496 704 1582 disput
705 1496 834 1573 33331313
849 1516 918 1561 cum
933 1498 1017 1561 omni
1033 1486 1173 1563 iuml*

59 1496 536 1686 (1133333333111333333311333
561 1599 637 1664 Haeo
659 1619 713 1685 ego
743 1619 812 1664 oum
841 1598 915 1684 ipsis
944 1600 1137 1686 philosophis

60 1700 778 1788 [33313311333311333331333(1333333333
794 1701 896 1766 33Μ
914 1701 1181 1768 111333311331313

60 1817 172 1883 noster,
190 1805 244 1890 qui
260 1824 341 1870 nunc
355 1805 460 1870 aedilis
474 1805 590 1871 curulis
604 1815 658 1881 333,
675 1816 705 1870 33
719 1805 862 1919 prolecto,
879 1805 936 1870 nisi
952 1806 1039 1871 ludos
1056 1826 1136 1873 nuno

59 1907 277 1986 1333331313
299 1917 366 1973 nost
368 1928 401 1973 ro
423 1907 557 1973 sermoni
581 1908 754 1984 intermesset
779 1929 812 1972 33
828 1908 888 1972 133
904 1918 970 1973 333
985 1919 1050 1973 erat
1065 1910 1136 1976 adu-

59 2012 245 2087 lescentulus
269 2010 316 2074 his
338 2009 445 2075 studiis
467 2008 597 2075 mirifice
619 2009 702 2075 dedit
691 2021 747 2075 333.
793 2010 855 2075 133
877 2030 951 2075 vero
965 2010 1004 2079 de
996 2011 1135 2105 legibus
1161 2017 1195 2070 58

1172 1456 1259 1531 77,ζ77
1243 1486 1248 1493 ,

58 2098 191 2188 tuendis,
214 2111 365 2225 (13373113
388 2112 426 2177 33
447 2132 531 2198 paee,
554 2111 592 2177 de
614 2112 709 2189 sociis,
733 2112 771 2177 de
793 2088 999 2199 vestigalibus,
1015 2112 1077 2178 de
1068 2135 1135 2180 rure

55 2217 171 2282 civium
194 2214 364 2327 generatim
388 2214 418 2279 13
441 2214 565 2280 ordines
593 2225 766 2299 aetatesque
788 2215 931 2301 discripto
961 2215 1060 2321 dicant
1084 2217 1131 2280 331

211 2284 368 2371 Χ7ῑ7ῑ7ξψβ”ἶ’

59 2354 368 2383 ..—---—=-h-—-——--

55 2472 173 2513 persons„
187 2481 213 2489 —
229 2461 351 2502 eeteros
371 2457 471 2500 libros
491 2454 577 2499 artis
595 2468 672 2499 satae
691 2458 871 2510 [3333333331
890 2457 1022 2500 nomine.
1036 2456 1134 2501 Intendi

53 2529 122 2576 oosl:
138 2528 274 2574 Aristotele
289 2541 302 2573 e
317 2527 445 2573 Teolrasto
460 2525 561 2571 diedero
580 2527 631 2579 agli
656 2527 713 2571 altri
729 2527 781 2571 loro
796 2527 852 2571 libri
868 2526 932 2571 titoli
947 2527 1064 2572 indicanti
1079 2542 1134 2582 spe-

55 2601 116 2646 31311
132 2599 248 2645 divisioni
262 2612 277 2644 3
291 2597 421 2652 discipline
436 2601 535 2651 tartest,
548 2597 573 2641 di
588 2597 627 2643 331
649 2599 672 2642 13
690 2610 765 2651 opere
780 2602 920 2643 trattaveno
935 2603 1134 2653 separatsmente

53 2676 216 2728 (quemquem
229 2670 336 2717 laddove
350 2669 391 2724 poi
407 2669 550 2713 indioorono
566 2668 572 2712 i
589 2669 641 2713 loro
652 2669 749 2713 trattati
764 2669 787 2713 di
803 2670 909 2714 retoriea
923 2670 961 2714 331
976 2671 1046 2716 313313
1061 2683 1134 2724 gene-

55 2753 111 2797 rale
128 2743 296 2812 (11ρη333333
309 2749 374 2802 (libri
385 2748 745 2798 oratorii).-lnscribatnt
772 2752 799 2792 et
825 2749 1134 2803 appeltaot=intito

56 2823 126 2867 lano.
138 2833 159 2873 e,
173 2818 239 2873 dopo
254 2831 313 2863 aver
328 2817 451 2872 intitulati,
465 2817 604 2862 nominano.

128 2925 179 2968 5⁶.
195 2937 264 2968 eum
283 2923 396 2977 tttt...,·
411 2921 506 2967 eume
521 2920 1129 2977 1331333133.-3333331313.-3333333313...

54 3000 196 3045 aeliotae.
220 2998 368 3053 0333333313
381 2998 422 3048 (da
435 2990 563 3059 γυμνάζω
577 3017 604 3030 ==
619 2996 732 3045 eseroito)
754 3010 813 3042 eran
834 2996 965 3051 dapprima
986 2997 1066 3043 eortili
1082 3012 1134 3044 seo-

56 3068 134 3125 33331,
148 3068 227 3115 ehiusi
242 3068 275 3112 da
289 3067 378 3122 portici
393 3083 407 3114 a
422 3071 533 3124 eolonne,
543 3082 588 3113 oon
604 3068 662 3113 altri
676 3068 750 3112 loeali
764 3069 859 3122 auperti
875 3069 1005 3122 annessivi,
1018 3073 1056 3114 ne'
1066 3070 1134 3124 quali

58 3143 67 3186 1
82 3139 184 3194 giovani
198 3137 404 3185 si‘esereitavnno
420 3140 469 3185 alle
484 3141 558 3194 133333
570 3139 613 3194 poi
627 3141 700 3184 l'uron
715 3143 766 3183 3331
780 3139 897 3184 ohiamati
912 3140 989 3193 quelli
1007 3141 1047 3185 nei
1066 3141 1134 3194 quali

22 3230 33 3243 .
58 3212 65 3256 i
81 3210 171 3257 filosofi
184 3210 369 3265 gareggiavano
384 3213 449 3256 nelle
464 3212 572 3267 disputa.
591 3210 701 3257 Scholae
720 3224 779 3256 sono
800 3211 834 3263 gli
856 3213 928 3258 stessi
944 3211 1061 3266 disoepoli
1079 3227 1092 3256 e
1111 3213 1133 3257 le

57 3281 144 3327 seuole
159 3280 294 3326 de'lllosofi
309 3281 348 3326 331
364 3282 411 3327 3331
427 3296 501 3328 33333
516 3281 619 3327 33331331.
635 3281 683 3326 Otr.
698 3280 739 3326 lib.
754 3282 786 3336 ΙΙ,
802 3285 821 3335 5,
834 3284 867 3326 21.

129 3396 180 3440 57.
196 3395 341 3440 omnibus
364 3396 396 3441 in
420 3395 884 3452 3333113333(13’13333333131.-
899 3395 934 3440 M.
948 3395 1134 3441 Marcellus.

58 3465 104 3509 V'e
120 3464 241 3511 thidrode
256 3464 294 3511 sia
303 3465 321 3509 il
330 3465 447 3513 Marcello
463 3466 634 3512 dell’orazione
647 3467 671 3510 di
682 3465 799 3512 Cicerone
815 3481 829 3510 a
840 3467 937 3520 (133333,
952 3480 992 3510 33
1006 3480 1053 3511 333
1064 3480 1134 3520 pars.

59 3537 136 3581 Forse
150 3536 176 3580 lu
190 3536 207 3580 il
222 3536 300 3590 padre
319 3537 343 3581 di
359 3537 405 3591 lui,
419 3551 432 3582 3
448 3539 511 3582 31333
532 3538 650 3583 Marcello
674 3537 698 3581 di
713 3538 798 3591 quella
817 3537 944 3592 lamiglia,
958 3538 983 3581 13
997 3538 1070 3591 quale
1086 3536 1134 3581 (lie.

57 3607 126 3651 rolle
140 3606 225 3652 lodan-e
235 3620 281 3661 per
294 3606 371 3652 boesa
381 3608 405 3652 di
413 3608 509 3662 Crasso,
518 3607 607 3662 perche
619 3609 640 3652 le
652 3623 695 3652 era
706 3609 832 3661 obbligato
844 3608 867 3651 di
879 3609 962 3653 molto.
976 3633 1002 3639 —
1013 3609 1101 3653 aedil
1106 3609 1133 3652 is

58 3677 250 3724 3333113611
266 3677 728 3734 331113333333133333333113333333311
745 3678 839 3724 solenni
854 3692 867 3723 e
883 3678 931 3723 alle
946 3677 1079 3732 pubbliehe
1094 3691 1134 3723 33·

60 3747 190 3802 3333313313
203 3747 275 3793 turon
290 3748 350 3793 detti
364 3749 443 3794 auruli
458 3749 524 3794 dalla
539 3750 608 3794 sedis
623 3750 715 3804 eurule,
728 3751 796 3794 sella
811 3749 920 3803 eurulis,
935 3749 979 3794 ohe
994 3749 1034 3793 nei
1057 3748 1133 3802 tempi

59 3818 151 3863 errtiehi
165 3832 209 3864 era
223 3818 336 3864 lavorata
354 3819 378 3865 di
397 3820 489 3874 ovorio,
503 3821 568 3865 sulla
588 3821 663 3874 quale
685 3834 796 3865 avevano
812 3819 896 3864 diritto
912 3819 937 3863 di
957 3819 1043 3864 sedere
1064 3832 1133 3863 eome

61 3894 199 3948 magistrati
212 3895 371 3940 33313333.-
386 3896 492 3951 ludos,
507 3896 558 3941 soil.
572 3895 716 3952 Romanos,
730 3894 882 3943 3333133331
894 3894 1016 3947 331333.
