2526 4246
110 137 154 177 mo
166 136 311 179 onnroun
321 138 384 179 ms.
397 140 432 188 11,
446 139 515 180 cnr.
529 140 817 189 cxxxvi-Lxxxvn,
831 142 843 191 s
856 140 947 191 eor-cor
1015 126 1066 180 249

52 241 80 304 iis
92 242 165 308 locis
180 244 364 323 collocanda3
381 244 423 309 sic
437 245 510 322 iore,
523 255 557 311 ut
568 245 707 310 ordinem
723 264 827 310 rerum
844 247 979 310 locorum
990 244 1065 309 ordo

45 354 195 422 osetuaret,
218 366 266 412 res
286 357 389 413 autem
412 347 491 433 ipsas
515 367 619 414 retum
641 347 756 434 effigies
778 357 897 412 notaret
918 355 1010 432 atque
1031 357 1065 412 ut

45 445 72 508 :is
89 467 143 532 pro
164 468 242 527 cera,
265 449 434 516 simulacris
455 472 511 535 pro
533 450 643 516 litteris
664 460 831 516 uteremur.

51 549 255 618 LXXXVII.
267 551 322 635 Qui
336 553 375 617 sit
386 562 487 618 autern
499 553 610 619 oratori
631 553 798 619 memoriae
813 553 935 630 fructus
952 562 1064 637 quanta
1090 561 1140 614 355

47 648 121 729 ditas,
144 655 325 738 quantavis
343 655 416 740 qnid
432 675 481 721 me
496 656 605 721 attinet
619 656 737 722 dicere?
753 655 880 732 Tenere,
896 675 974 740 quae
988 653 1065 719 didi-

46 753 78 817 ris
96 755 125 820 in
140 757 311 842 accipienda
326 778 424 831 causa,
441 778 518 843 quae
533 759 598 845 ipse
613 758 771 844 cogitaris?
787 777 894 824 omnes
909 757 985 822 fixas
1000 778 1065 824 esse

54 857 142 922 animo
153 860 335 925 sententias?
348 881 471 927 omnem
486 861 672 946 descriptum
684 861 848 927 vernorum
864 866 1064 948 apparatum?

45 960 165 1027 taudire
187 965 235 1027 vel
258 982 338 1040 eum,
362 963 444 1028 unde
459 963 564 1041 discas,
580 965 628 1029 vel
648 984 730 1039 euru,
753 964 800 1030 cui
816 964 1064 1051 respondendum

44 1070 58 1134 1,
69 1073 98 1128 ut
111 1065 151 1131 itti
168 1086 230 1132 non
247 1066 410 1134 infundere
427 1067 459 1132 in
475 1089 564 1135 aures
580 1078 646 1134 tuas
661 1068 840 1145 orationem,
853 1068 949 1134 sedin
962 1069 1065 1134 animo

47 1162 157 1235 deantur
179 1170 364 1236 inscribere?
387 1169 489 1256 ltaque
511 1170 567 1236 soli
590 1171 642 1256 qui
665 1171 813 1236 memoria
835 1172 947 1258 vigent,
967 1172 1066 1237 sciunt

45 1266 77 1333 rid
96 1282 121 1336 et
142 1283 292 1358 quatenus
307 1284 337 1338 et
352 1294 412 1358 quo
426 1275 516 1340 modo
539 1273 645 1339 dicturi
665 1275 735 1351 sint,
752 1274 824 1359 quid
840 1274 1064 1361 responderint,

45 1368 78 1434 tid
96 1376 238 1460 supersit;
263 1369 427 1460 iidemque
439 1379 535 1442 multa
558 1397 594 1441 ex
611 1378 678 1442 aliis
694 1377 790 1442 causis
808 1377 972 1461 aliquando
994 1398 1011 1441 a
1034 1398 1065 1441 se

45 1480 78 1549 ta,
101 1479 192 1543 multa
220 1478 259 1543 ab
292 1478 360 1543 aliis
392 1478 494 1545 audita
528 1479 745 1545 meminerunt.
792 1478 892 1561 Quare
919 1477 1066 1543 confiteor
1090 1492 1142 1546 356

45 1577 137 1656 uidem
160 1581 251 1646 huius
275 1580 346 1646 boni
370 1592 511 1648 naturam
526 1602 591 1647 esse
605 1582 777 1668 principem
800 1620 842 1628 -—
864 1581 939 1646 sicut
958 1601 1065 1647 earum

45 1696 112 1757 trun,
134 1683 171 1748 de
193 1683 304 1768 quibus
327 1693 397 1748 ante
420 1685 535 1750 locutus
558 1705 635 1762 sum,
659 1685 811 1762 omnium;
840 1682 892 1748 sed
921 1684 994 1748 haec
1016 1704 1065 1747 ars

45 1786 67 1842 ta
85 1783 205 1861 dicendi,
230 1786 294 1851 sive
309 1786 382 1850 artis
397 1787 496 1873 imago
511 1787 660 1872 quaedam
676 1797 706 1852 et
721 1786 888 1852 similitudo
903 1795 957 1862 est,
974 1786 1065 1852 hahet

45 1898 82 1947 nc
100 1888 168 1965 vim,
182 1908 253 1953 non
270 1898 305 1953 ut
318 1897 415 1954 totum
430 1889 556 1975 aliquid,
572 1891 656 1956 cuius
674 1890 706 1953 in
727 1890 854 1975 ingeniis
869 1888 980 1954 nostris
995 1909 1066 1975 pars

45 1983 88 2050 dla
106 1990 150 2068 sit,
165 1990 265 2077 pariat
280 2000 310 2056 et
325 2001 472 2076 procreet,
488 2012 596 2057 verum
619 2004 653 2058 ut
675 2012 719 2068 ea,
743 2011 820 2076 quae
835 2000 907 2057 sunt
923 2001 989 2056 orta
1005 1992 1065 2056 iam

45 2089 127 2155 *nohis
137 2103 167 2158 et
177 2102 344 2177 procreata,
356 2094 463 2159 educet
473 2104 564 2179 atque
575 2096 735 2160 confirmet
747 2132 797 2170 —‚
843 2103 1065 2159 verumtamen
1092 2105 1142 2158 357

45 2201 99 2271 tque
117 2204 178 2260 tam
201 2194 262 2259 acri
286 2196 433 2261 memoria
450 2197 512 2262 sere
528 2198 689 2283 quisquam
704 2207 759 2273 est,
777 2207 820 2273 ut,
838 2216 898 2260 non
913 2194 1066 2281 dispositis

45 2294 165 2382 totisque
187 2297 288 2374 rebus
312 2298 452 2365 ordinem
474 2300 639 2366 verborum
667 2310 719 2368 aut
741 2298 961 2364 sententiarum
988 2317 1065 2362 com-

46 2405 160 2480 entatur3
184 2420 285 2484 neque
308 2421 379 2466 vero
401 2412 464 2466 tam
488 2402 600 2480 hebeti,
623 2413 656 2468 ut
674 2402 751 2466 nituit
777 2399 1066 2466 hacconsuetudine

59 2503 261 2568 exercitatione
283 2503 453 2570 adiuvetur.
479 2504 559 2569 Vidit
574 2505 659 2572 enim
675 2505 731 2569 hoc
753 2504 923 2590 prudenter
944 2503 1008 2568 sive
1023 2501 1065 2566 Si·

45 2602 133 2670 onides
145 2606 209 2670 sive
221 2605 298 2671 alius
310 2606 377 2692 quis
390 2607 518 2684 invenit,
527 2629 561 2673 ea
574 2608 707 2673 inarime
718 2608 829 2673 animis
841 2606 930 2694 adfigi
945 2606 1065 2684 nostris,

45 2829 58 2874 d
70 2837 161 2885 rivostir
171 2841 244 2885 d’unu
258 2839 396 2893 immugine.
411 2864 437 2870 -
448 2853 508 2894 pro
524 2854 607 2895 ocra,
623 2841 684 2885 tolto
695 2840 719 2884 lu
730 2840 850 2886 nretofora
861 2841 993 2885 dullaceru
1003 2839 1066 2884 ondo

45 2901 120 2956 tonant
135 2912 296 2966 spatmavuno
311 2911 334 2955 le
349 2910 466 2954 tnvotette
482 2912 619 2965 (tabellae),
633 2911 695 2955 suile
712 2911 779 2965 quoti
794 2913 913 2956 volerano
928 2910 1042 2955 scrivere.

47 3021 106 3081 Cap.
122 3029 356 3074 Lxxxvl1,-
373 3029 444 3072 855.
458 3030 540 3073 unde
554 3027 616 3080 (cioe
632 3028 672 3073 dai
688 3029 781 3078 clienti)
796 3030 905 3074 diacos
916 3049 943 3062 =
955 3027 999 3072 che
1015 3027 1067 3071 t'in-

46 3095 79 3148 lui,
90 3100 120 3144 da
138 3099 177 3143 cui
190 3103 216 3143 tu
231 3098 319 3152 suppio
333 3099 416 3152 quotto
433 3098 538 3152 importo
552 3100 603 3144 atto
617 3112 700 3143 causa.
714 3099 789 3143 Attrt:
803 3100 872 3143 urtdc
892 3098 965 3141 dicae
979 3115 1006 3130 -
1015 3110 1066 3150 pro

45 3168 147 3223 osticam
165 3183 205 3213 rna
219 3182 267 3213 non
282 3169 385 3214 sorebbe
401 3170 555 3223 esprussione
570 3169 677 3215 secondo
693 3170 753 3213 t'uso
769 3168 806 3211 de’
821 3167 926 3212 classici.
942 3191 968 3197 —
990 3167 1067 3220 quid

45 3239 153 3289 versit,
175 3239 231 3280 sott.
246 3237 281 3279 ad
295 3237 442 3280 dicendum.

66 3338 132 3382 356.
148 3351 216 3382 esec
232 3338 418 3392 principem
438 3358 465 3371 =
480 3352 551 3383 uvore
574 3338 591 3382 il
606 3337 686 3392 primo
702 3338 782 3389 luogo
797 3359 822 3364 —
846 3336 925 3382 sico,
943 3333 1067 3377 serrensi

45 3405 101 3453 tliori
116 3408 231 3462 scrittori,
245 3421 313 3452 come
328 3409 374 3461 cet,
389 3410 523 3454 solamento
539 3425 553 3454 a
564 3407 727 3458 r·ettificure‚e
743 3407 765 3451 in
782 3408 815 3450 tul
831 3418 888 3449 caso
903 3403 923 3448 si
938 3401 987 3456 put>
998 3404 1067 3448 unire

45 3478 143 3527 *cottus
158 3474 188 3519 ed
204 3475 289 3519 etiam.
304 3498 329 3505 -
340 3479 441 3518 totum
456 3476 596 3529 aliquid,
611 3487 659 3518 uno
669 3472 769 3524 facoltd,
782 3475 847 3516 tutte
862 3469 885 3514 di
901 3484 961 3514 suno
975 3469 1069 3523 pionte.

45 3545 85 3590 tta).
99 3566 124 3573 -
140 3542 249 3586 educet
265 3540 277 3584 d
292 3545 359 3585 tanto
375 3541 414 3585 nel
430 3541 567 3594 significato
577 3539 711 3593 originario
722 3538 758 3582 di:
773 3543 823 3582 trac
833 3537 896 3582 fuori
907 3535 1009 3590 (dccccrc
1024 3537 1070 3592 aar),

45 3614 87 3652 utto
103 3609 125 3653 in
141 3608 225 3662 quello
240 3607 274 3651 di:
290 3607 403 3661 educare,
418 3607 462 3651 oh'e
477 3607 599 3653 t'educore
615 3606 627 3650 e
644 3611 747 3657 quanto:
763 3605 883 3657 svolgere,
893 3602 1036 3655 svituppore
1047 3605 1068 3648 te

45 3677 94 3722 oltd.

64 3793 135 3836 357.
147 3792 330 3845 prudenter
344 3814 370 3826 =
385 3793 422 3837 col
438 3807 481 3837 suo
504 3791 695 3843 uccorgirnento.
710 3811 735 3819 -
756 3788 823 3831 uice
847 3787 936 3831 atius
958 3789 1030 3839 quie
1044 3808 1096 3824 =·

45 3859 122 3912 cquis
137 3857 215 3901 aliua.
229 3881 254 3887 -
274 3859 386 3912 odfini.
406 3858 426 3901 tt
441 3858 515 3904 Sorof
528 3858 583 3903 dico
598 3855 643 3902 ohe
658 3854 699 3899 rat
714 3856 808 3908 quanto
820 3850 942 3906 tunorium*
956 3863 971 3894 a
984 3852 1032 3896 otte
1047 3854 1074 3895 'm
