2526 4246
218 162 261 201 nu
280 160 425 203 onaroun
441 162 502 201 ure.
522 162 558 210 11,
578 160 648 202 our.
667 161 789 209 riv-cvr,
811 162 926 210 suae-mr
1057 147 1108 200 199

45 266 147 351 ¹quid
169 266 277 332 sedes?
300 265 374 350 quid
396 266 480 331 illam
502 285 598 331 anum
619 265 699 352 patri
722 265 868 330 nuntiare
884 265 930 329 vis
946 269 1016 330 tuol
1034 264 1108 350 quid

47 395 59 424 ι
76 368 136 433 illis
158 367 310 446 omnibus,
328 387 457 454 quorum
473 367 621 454 imagines
641 366 707 432 duci
726 366 830 432 vides?
852 367 927 452 quid
942 366 1108 432 maioribus

50 471 153 535 1tuis‘l
174 470 249 556 quid
271 470 302 535 t.
325 469 426 548 Bruto,
445 471 494 556 qui
521 471 603 536 bunc
623 471 774 555 populum
795 468 954 535 dominatu
978 469 1060 556 regio
1077 470 1109 532 li-

52 571 217 637 «beravit‘l
240 572 315 658 quid
338 581 367 637 te
389 577 495 659 agere?
517 572 564 638 cui
590 571 645 648 rei,
660 572 707 638 cui
722 572 846 657 gloriae,
862 572 907 638 cui
925 572 1031 637 virtuti
1050 582 1110 636 stu-

54 674 166 740 «derel
188 674 415 760 patrimonione
436 674 593 761 augendo?
617 675 653 738 bt
676 673 706 738 id
734 692 794 739 non
822 686 867 739 est
893 674 1108 739 nobilitatis».

56 775 135 842 «Sed
159 777 203 842 lac
224 797 298 852 esse,
315 777 393 841 nibil
417 788 572 864 superest:
596 777 740 842 libidines
756 787 851 842 totum
874 776 1108 862 dissipaverunt.
1136 790 1187 843 226

58 879 123 943 «ln
144 880 202 945 iuri
225 879 327 944 civili?
351 879 400 944 Est
420 890 593 965 paternum.
618 878 677 944 Sed
700 878 778 944 dicet
793 890 831 954 te,
847 878 1022 945 cumaedes
1040 899 1111 944 ren-

61 979 174 1058 «deres,
201 1002 240 1047 ne
262 982 294 1046 in
318 982 394 1047 rutis
415 982 540 1068 quidem
563 992 593 1047 et
614 983 708 1047 caesis
730 981 841 1046 solium
871 981 923 1046 tibi
946 991 1110 1066 paternum

63 1080 235 1165 «recepisse.
259 1081 304 1144 An
325 1080 528 1152 reimilitari?
552 1079 608 1164 Qui
626 1100 785 1165 nunquam
800 1091 895 1145 castra
919 1079 1047 1144 videris!
1066 1081 1110 1144 bn

65 1183 286 1268 «eloquentiae‘l
310 1182 393 1266 Quae
416 1203 515 1270 neque
537 1193 583 1249 est
597 1184 628 1249 in
646 1196 675 1249 te
690 1196 729 1255 et,
752 1183 900 1269 quidquid
923 1194 969 1248 est
983 1184 1063 1248 vocis
1078 1204 1111 1247 ac
1178 1215 1182 1223 ·

66 1284 216 1371 «linguae,
240 1306 333 1351 omne
355 1286 386 1351 in
410 1287 502 1353 istum
525 1287 736 1373 turpissimum
759 1287 929 1352 calumniae
952 1296 1111 1371 quaestum

67 1389 244 1454 «contulistil
268 1389 312 1455 Tu
329 1389 426 1454 lucem
445 1389 601 1475 adspicere
620 1390 733 1455 audes?
757 1400 789 1454 tu
805 1389 861 1453 bos
877 1389 1008 1453 intueri?
1031 1389 1111 1452 tuin

69 1487 154 1566 «loro,
168 1491 243 1556 tuin
260 1491 374 1556 civium
389 1512 453 1558 esse
468 1497 650 1577 conspectu?
667 1502 699 1556 tu
716 1492 801 1555 illam
817 1500 978 1563 mortuum,
995 1501 1027 1554 tu
1041 1490 1112 1554 ima-

70 1592 166 1675 «giles
188 1594 270 1679 ipsas
294 1614 355 1659 non
377 1595 605 1680 perhorrescis?
629 1595 739 1679 quibus
763 1614 824 1658 nou
842 1594 930 1658 incido
947 1593 1111 1667 imitandis,

71 1695 134 1759 ¹scd
149 1717 186 1761 ne
201 1696 383 1762 collocandis
397 1697 521 1782 quidem
538 1697 593 1762 tibi
609 1698 708 1762 lecum
730 1699 828 1762 ullum
854 1695 1002 1780 reliquisti
1018 1724 1047 1759 ».

98 1797 173 1864 brt.
198 1799 259 1864 Sed
273 1799 346 1864 baec
360 1800 469 1886 tragica
485 1805 576 1885 atque
592 1799 710 1874 divina;
727 1799 819 1865 faceta
836 1810 937 1864 nutem
951 1809 980 1864 et
995 1798 1112 1864 urbana
1138 1810 1190 1866 227

68 1891 282 1968 innumerabilia
311 1903 359 1966 vel
389 1923 426 1968 en
456 1923 517 1968 una
544 1904 685 1969 contione
717 1903 908 1969 meministis,
940 1902 997 1967 Nec
1029 1902 1111 1967 enim

68 1999 144 2066 maior
156 2003 309 2070 contentio
324 2024 459 2089 unquam
476 2005 532 2071 luit
546 2025 602 2070 nec
616 2005 697 2092 apud
712 2006 862 2091 populum
881 2005 1002 2090 gravior
1017 2006 1113 2069 oratio

68 2149 348 2172 Q...—

68 2250 104 2291 uuo
122 2253 206 2295 orator
226 2249 298 2294 velut
318 2251 435 2294 imminet
457 2251 616 2303 advoersorto,
638 2252 720 2295 instat
741 2255 872 2304 umorque,
894 2254 1032 2303 tarnqoom
1053 2251 1076 2292 ri
1091 2252 1114 2293 ot

68 2320 204 2366 contentione
225 2322 288 2376 ipsa
308 2334 436 2366 manuum
452 2321 641 2376 propulsores.
662 2345 687 2352 -
712 2332 885 2371 ururrnrtu.
908 2320 961 2364 oioe
985 2319 1113 2363 nell’nltro

68 2388 143 2434 mondo.
163 2416 188 2423 -
203 2402 346 2445 euenum,
360 2391 413 2436 eloe
428 2392 494 2444 degli
509 2392 600 2437 uomini
617 2392 705 2445 insigni
721 2392 772 2437 noti
788 2391 854 2435 dello
870 2390 982 2443 t'omiglin
997 2390 1020 2433 di
1032 2391 1114 2434 ltruto.

67 2461 286 2507 -1uno1sns.Si
301 2461 389 2507 ricordi
405 2463 466 2507 l'uso
481 2463 504 2506 di
520 2467 605 2516 portur
619 2464 699 2507 diotre
714 2465 721 2507 i
737 2463 841 2506 l'uuernli
853 2462 876 2505 le
892 2460 991 2513 imagini
1007 2474 1020 2505 ο
1033 2461 1037 2503 i
1050 2461 1115 2504 busti

67 2518 117 2577 degli
135 2532 243 2578 outeuoti
262 2532 307 2577 ohe
322 2546 437 2578 ovessero
459 2538 543 2577 tonuto
562 2535 736 2586 magistrature
756 2533 845 2576 curuli:
868 2533 883 2575 il
906 2533 947 2576 ius
968 2533 1115 2585 irrropr'rruru

67 2599 177 2647 m(tiorum
197 2604 309 2649 l'ovevan
332 2607 447 2657 portanto
462 2604 494 2648 da
515 2604 637 2658 principio
653 2603 660 2647 i
676 2605 721 2649 soli
744 2603 840 2656 petrini.
860 2628 884 2633 -—
899 2603 925 2646 It.
939 2602 1056 2653 Brenno,
1070 2603 1114 2647 che

67 2671 142 2716 recocto
156 2674 162 2717 i
177 2673 305 2728 Tarquinii
320 2673 369 2718 eiu
383 2673 400 2718 il
415 2674 494 2728 primo
516 2674 620 2719 Console
639 2675 760 2719 null'onno
777 2677 817 2717 510
830 2676 832 2726 ζ
845 2676 891 2717 244.
905 2697 931 2704 -
945 2675 987 2717 Ar
1007 2685 1036 2717 to
1058 2685 1115 2717 nou

62 2737 108 2782 ‘fill
123 2753 334 2799 uoururrnnrs,
348 2744 438 2798 perche
449 2745 473 2789 la
483 2750 629 2797 mercatura,
643 2746 666 2788 al
682 2745 720 2789 ‹ln-
735 2745 759 2788 rli
775 2745 823 2789 rto.
837 2746 877 2793 (tle
895 2744 940 2798 Off.
950 2749 967 2797 1,
981 2747 1023 2794 42).
1038 2745 1049 2788 i
1065 2759 1116 2789 sor·

67 2799 140 2864 diluo
154 2815 264 2861 almeno:
280 2828 332 2861 nou
349 2816 493 2860 admodum
514 2816 698 2870 vituperando.

118 2943 185 2989 Μ.
200 2957 258 2990 rac
278 2957 349 2990 essu
358 2953 385 2980 ='=
395 2947 495 3000 ponium
505 2959 566 2999 puro
577 2946 711 2998 uiuidognn
722 2947 778 2990 d'uu
788 2945 886 2991 nobile).
908 2971 914 2974 -
931 2946 947 2989 l]
955 2957 965 2987 s
973 2958 987 2989 'r
1002 2959 1037 2989 ra
1045 2958 1058 2988 r
1066 2958 1079 2989 t:
1087 2958 1116 2989 rr-

66 3010 114 3055 ·lllt
126 3034 151 3052 =
163 3017 200 3061 Fu
219 3021 308 3070 questo
327 3017 350 3060 lo
372 3017 453 3061 studio
475 3016 499 3060 di
522 3020 563 3061 tuo
584 3016 670 3071 pedro.
684 3042 710 3049 -
724 3018 782 3060 Suu
805 3029 908 3069 orru'r,
930 3017 943 3060 i.
959 3030 979 3061 e.
989 3021 1076 3071 potor.
1090 3041 1116 3047 —

65 3080 148 3130 llum.
162 3086 274 3132 Secundo
288 3086 404 3141 Ulpiano,
417 3087 485 3141 Dip,
501 3089 532 3140 19,
547 3091 565 3140 1,
579 3090 612 3139 ll,
629 3092 692 3132 ruta
707 3086 769 3133 toto
785 3087 829 3132 ohe
845 3089 864 3133 si
880 3101 941 3131 corn
956 3086 1023 3130 dallo
1038 3092 1117 3130 terro:

65 3153 146 3211 metalli,
155 3157 249 3212 mermi,
265 3160 340 3202 creto.
354 3181 379 3189 -
395 3169 503 3201 (tunsus
521 3159 562 3207 (do
577 3159 671 3211 caedo),
680 3159 718 3203 cib
729 3159 773 3202 cbo
784 3159 803 3202 si
816 3159 903 3212 taglio:
919 3157 1004 3211 albori,
1014 3157 1118 3210 arbusti,

65 3225 132 3282 lictum
146 3229 169 3272 in
183 3228 316 3282 generale:
330 3229 352 3271 le
367 3241 424 3273 cose
439 3228 531 3272 mobili.
544 3253 570 3260 —
594 3241 709 3273 srrnrru
767 3239 947 3274 urrunnun.
967 3227 1048 3280 quello
1063 3227 1116 3271 olor

64 3284 89 3334 do
100 3300 131 3341 oui
146 3298 296 3353 risponrlevo
311 3313 325 3343 o
339 3299 378 3343 obi
393 3300 416 3343 lo
432 3300 583 3345 consultura.
598 3324 624 3330 —
645 3311 814 3344 nnrrrrrrssn
836 3319 863 3335 =
877 3297 967 3341 essersi
988 3298 1117 3341 risorboto.

64 3376 273 3414 *crediturne
295 3380 473 3423 Qubusrutc,
494 3371 588 3415 cronico
610 3371 634 3413 di
654 3370 777 3421 calunnia,
798 3368 889 3423 perche
905 3383 920 3412 u
934 3367 972 3412 chi
988 3381 1118 3420 accumula,

63 3428 148 3485 tlecturo
162 3440 187 3485 lo
200 3444 292 3494 quarto
309 3444 381 3493 perte
400 3440 466 3484 dello
485 3440 618 3485 commodi
638 3441 677 3484 oui
692 3441 821 3485 trottorusi
844 3439 909 3483 nollo
929 3452 1004 3483 eausa
1023 3438 1118 3484 odolla

63 3505 126 3553 multo
137 3510 245 3564 imposta
260 3509 283 3553 ol
298 3522 348 3563 reo,
362 3523 388 3555 se
404 3510 511 3554 riuscivo
525 3525 539 3554 o
559 3510 622 3554 farlo
642 3510 805 3554 oondounure.
824 3510 854 3553 lli
872 3509 917 3553 che
932 3508 966 3561 gli
980 3508 1118 3554 nocusutori

63 3581 109 3622 lron
128 3580 243 3626 chiomoti
267 3581 498 3635 quadruplatores.
519 3606 545 3612 -—
566 3582 661 3625 illam
680 3585 877 3626 mortuone...
900 3593 961 3625 arou
982 3581 1119 3635 perbor-

63 3651 167 3696 roseto?
177 3652 244 3696 Nota
252 3664 297 3695 uno
307 3653 436 3696 transitivo
447 3651 472 3695 di
478 3654 650 3708 perhorresco
660 3672 686 3685 ==
693 3651 770 3696 ualde
779 3655 865 3695 metuo
875 3672 901 3684 -ι
910 3657 974 3695 temo
984 3651 1119 3695 tremendo.

62 3730 120 3766 *rur
140 3733 359 3768 concocunurs
381 3735 513 3777 pureum,
533 3723 624 3778 perone
640 3736 718 3767 onero
731 3722 838 3767 venduto
854 3726 923 3766 tutto.

93 3839 162 3897 Gap.
177 3840 259 3885 mvl.
278 3862 303 3870 -
322 3841 394 3884 22⁷.
419 3843 559 3897 tropica,
581 3840 654 3892 piene
670 3841 693 3884 di
715 3840 839 3893 passione,
861 3840 993 3884 altomonte
1013 3854 1119 3885 commo·
