2526 4246
205 167 249 207 nn
266 166 413 209 onerosa
430 168 491 208 ms.
508 169 545 218 11,
559 167 630 217 err.
648 166 871 223 Lxxxx-nxvm,
891 168 1007 220 saxa-mc
1091 155 1143 212 221

105 270 281 337 lix‘vlll.
304 268 406 336 Genus
420 270 647 350 hocleviuset,
659 272 782 351 utdixi,
793 265 966 351 mimicum;
983 271 1143 337 sedltabet

65 394 126 438 non
150 364 325 458 nunquam·
337 372 453 458 aliquid
464 374 658 460 etiamapud
674 394 729 440 nos
745 375 811 452 loci,
827 385 862 441 ut
883 377 933 440 vel
953 394 1016 439 non
1032 376 1143 440 stultus

65 476 151 561 quasi
175 468 270 542 stulte
285 495 361 541 -cum
383 467 445 541 sale
467 476 547 542 dicat
569 476 699 563 aliquid;
726 488 760 543 ut
782 477 848 555 tibi,
872 477 993 554 Antoni,
1018 476 1142 553 Mancia,
1177 530 1197 538 ..

67 599 134 644 cum
157 578 297 644 audisset
318 591 348 644 te
369 598 526 645 censorem
549 601 566 645 a
588 578 625 643 Μ.
648 579 786 646 Duronio
809 579 846 646 de
869 580 985 645 ambitu
1011 580 1144 665 postula·

68 691 141 760 tum,
174 710 188 738 α
212 680 392 765 Aliquando,
416 675 525 767 inquit,
542 682 596 747 tibi
613 692 700 748 tuum
716 683 872 769 negotium
887 702 976 769 agere
996 681 1142 759 licebit.»

69 783 163 850 Valde
189 783 265 848 baec
288 782 428 849 ridentur
449 794 481 850 et
504 785 628 850 hercule
655 785 771 862 omnia,
796 805 874 870 quae
896 807 913 851 a
940 782 1143 871 prudentibus
1168 799 1220 852 275

69 886 191 972 [quasi]
221 906 286 971 per
307 885 582 952 dissimulationem
609 886 685 973 [nou
715 882 925 973 intellegendi]
955 886 1143 953 subabsurde

68 991 209 1074 salseque
233 988 385 1054 dicuntur.
406 988 457 1053 lix
480 1009 540 1074 quo
569 1009 682 1076 genere
711 990 870 1055 est-etiam
893 1009 956 1055 non
979 989 1075 1056 videri
1100 991 1144 1054 in-

68 1094 215 1179 tellegere
239 1091 320 1176 quod
343 1091 512 1178 intellegas
534 1102 569 1158 ut
592 1092 766 1158 Pontidius:
798 1092 956 1176 «Qualem
977 1093 1142 1169 existimas,

75 1194 156 1280 «qui
181 1195 214 1259 in
233 1193 385 1259 adulterio
401 1193 663 1280 deprehenditur?
679 1235 721 1254 ψ
742 1194 890 1278 Tardum!
916 1225 929 1253 ν
954 1208 988 1262 ut
1010 1216 1073 1282 ego,
1090 1197 1141 1281 qui

69 1297 100 1361 in
115 1297 243 1362 dilectu
269 1295 414 1373 Metello,
430 1313 500 1363 cum
526 1295 752 1364 excusationem
778 1300 936 1364 oculorum
962 1298 991 1363 a*
1006 1319 1056 1364 me
1082 1318 1143 1362 non

69 1401 219 1486 acciperet
241 1396 273 1464 et
295 1398 449 1464 dixissetz·
464 1428 477 1456 α
492 1400 538 1466 Tu
560 1400 653 1487 igitur
667 1401 746 1466 nihil
763 1401 867 1466 vides‘l
887 1430 899 1459 »2
958 1430 970 1457 x
987 1401 1044 1487 Ego
1060 1421 1143 1477 vero,

76 1529 90 1556 «
106 1502 244 1587 inquam,
268 1523 285 1565 a
308 1510 395 1586 porta
418 1501 574 1587 Esquilina
601 1502 691 1569 video
710 1501 825 1568 uillam
853 1513 937 1569 tuam
957 1527 986 1581 »3
1009 1502 1143 1568 utillud

72 1603 204 1681 Nasicae,
220 1601 277 1688 qui
296 1623 365 1668 cum
388 1603 426 1669 ad
447 1614 569 1689 poetam
594 1602 725 1671 Ennium
748 1605 881 1671 venisset
903 1606 993 1690 eique
1015 1604 1053 1669 ab
1068 1603 1144 1669 ostio

75 1706 231 1787 quaerenti
248 1704 381 1771 Ennium
389 1708 506 1772 ancilla
521 1707 646 1774 dixisset
661 1709 742 1773 domi
760 1729 822 1774 non
838 1729 913 1784 esse,
932 1706 1034 1772 Nasica
1050 1706 1145 1771 sensit

77 1805 158 1874 illam
180 1806 297 1872 domini
312 1807 408 1873 iussu
430 1808 543 1874 dixisse
565 1820 595 1874 et
622 1810 711 1875 illum
738 1811 820 1876 intus
847 1830 921 1876 esse.
946 1808 1050 1875 Paucis
1076 1818 1144 1895 post

81 1907 180 1975 diebus
201 1931 270 1976 cum
293 1909 332 1975 ad
354 1908 488 1976 Nasicam
514 1913 647 1978 venisset
672 1913 786 1978 Ennius
812 1912 935 1979 etcum
958 1912 996 1977 ad
1019 1913 1142 1978 ianuam

84 2013 250 2092 quaereret,
270 2012 418 2078 exclamat
444 2012 547 2079 Nasica
568 2034 601 2080 se
623 2013 705 2080 domi
729 2035 790 2080 non
814 2016 889 2080 esse
913 2013 990 2080 Tum
1015 2012 1141 2080 Ennius:

92 2111 197 2194 «Quid,
214 2135 269 2201 ego
288 2133 349 2179 non
365 2134 518 2201 cognosco,
538 2115 771 2201 inquit,'vocem
789 2122 925 2182 tuam‘l»
949 2116 1001 2181 llic
1022 2115 1141 2180 Nasica:

10 2280 20 2313 ·'
121 2293 184 2348 cup.
198 2296 350 2345 nxvxn.
370 2320 388 2326 -
404 2295 549 2354 Manora;
569 2311 591 2340 v.
605 2299 617 2348 s
632 2299 680 2341 aec.
694 2321 720 2328 -
740 2298 775 2340 ue
796 2297 930 2341 amorre,
945 2295 970 2339 ex
985 2295 1076 2340 noorai
1091 2296 1143 2353 oue,

91 2364 187 2411 nassime
201 2366 239 2411 col
254 2366 330 2411 verbo
345 2365 389 2410 che
411 2378 494 2420 segue,
509 2366 529 2411 si
551 2372 622 2412 trove
643 2369 673 2412 de
694 2367 782 2412 invece
804 2367 843 2412 del
864 2380 918 2419 gen.
932 2366 1000 2410 'della
1021 2365 1142 2419 colpos-

89 2438 288 2488 reucolatum,
308 2441 432 2482 accusato.
453 2462 479 2468 —
496 2440 685 2489 Auxouxuno
707 2437 838 2490 (Tandem
860 2438 1065 2492 aliquando)...;
1086 2436 1142 2481 vuol

92 2498 133 2547 dire
149 2507 189 2553 che
207 2508 316 2554 Antonio
336 2510 399 2554 s'ero
419 2509 478 2554 dolo
500 2509 532 2554 da
550 2509 603 2554 fere
625 2523 693 2555 come
717 2513 834 2563 censore,
857 2524 870 2554 e
890 2523 940 2569 non
960 2522 1038 2553 evera
1055 2512 1142 2562 potuto

11 2628 14 2633 Ι
91 2579 178 2622 noune
196 2580 219 2623 ai
240 2579 328 2633 propri
349 2576 419 2623 affori
435 2582 523 2631 (suum
544 2589 676 2624 uneorxum
696 2572 802 2636 xenaiam
817 2593 867 2634 ora,
886 2580 962 2624 citato
983 2580 1008 2624 in
1029 2578 1144 2632 giudizio,

93 2637 170 2692 dovera
182 2664 229 2704 pur
243 2649 391 2695 comineiare
407 2662 541 2704 repensare
556 2663 571 2694 o
586 2649 619 2694 sle.

96 2732 99 2757 ³
146 2736 211 2782 tm.
227 2751 309 2794 quae
323 2751 341 2782 o
350 2739 644 2792 prudentibus.·..=
658 2738 702 2783 che
713 2738 733 2782 si
744 2738 832 2783 dioono
847 2753 862 2783 e
877 2739 1018 2794 sproposito
1030 2752 1096 2784 econ
1106 2752 1144 2782 er-

11 2814 16 2821 ’
93 2801 151 2848 sunia
163 2806 192 2853 du
204 2808 297 2854 uomini
313 2808 437 2862 exveduti,
451 2808 555 2853 lacendo
570 2808 706 2853 sembiante
720 2815 777 2864 (per
792 2810 1041 2861 dissimulationem)
1057 2809 1142 2854 dinen

93 2871 161 2930 lanice
173 2880 230 2932 quel
245 2879 290 2924 che
305 2879 327 2925 si
341 2878 403 2924 dice.
416 2903 443 2910 -
457 2879 652 2932 quunu...?
670 2879 719 2924 Cho
733 2880 860 2928 uomo...?
875 2904 901 2912 —
915 2881 1098 2929 Transtul=
1112 2879 1143 2923 Di

20 2983 23 2987 .
60 2994 64 3002 ,
92 2940 167 2991 tuttive
180 2950 278 3001 gambe!
292 2949 392 3003 (perche
403 2949 497 2994 dovera
512 2963 580 2994 esser
594 2949 639 3004 piu
653 2951 717 2995 leste
728 2965 743 2995 e
753 2949 858 3005 luggire,
872 2964 918 3005 per
933 2965 981 2996 non
996 2965 1078 2997 essere
1092 2964 1143 2995 sor·

10 3047 20 3079 ,·
92 3013 166 3067 Pflssol.
184 3041 209 3050 —
229 3020 263 3064 iu
285 3019 406 3063 dilectu
424 3038 451 3055 -ι
469 3019 509 3064 nel
529 3024 631 3064 mettere
652 3034 667 3064 a
685 3021 756 3066 ruolo
772 3021 780 3065 i
799 3020 897 3066 soldeti.
916 3045 942 3052 —
960 3021 1103 3066 Metello.
1123 3006 1144 3066 b

92 3069 207 3147 ,balconio
221 3089 331 3142 Metello,
345 3089 362 3132 il
376 3089 514 3143 Numidico,
530 3089 574 3134 che
589 3090 656 3134 nelle
674 3103 764 3143 guerre
784 3091 941 3145 Giuguxtine,
956 3091 1051 3149 arendo
1069 3095 1143 3135 avuto

11 3189 13 3193 .
92 3152 113 3186 ¹¹¹
124 3161 181 3215 torte
194 3160 211 3204 il
226 3172 336 3214 governo
351 3159 418 3204 dello
431 3159 555 3213 Numidia,
569 3160 622 3215 lece
636 3160 717 3214 prima
732 3176 747 3205 c
762 3161 875 3206 Romala
888 3163 946 3206 levo
960 3161 997 3215 de'
1012 3161 1109 3207 eoldoti.
1119 3185 1144 3192 -

12 3278 15 3283 ,
92 3223 249 3286 ⁰⁰¹⁴lorum,
264 3230 321 3275 d'un
335 3231 384 3275 mol
400 3230 500 3276 d’occhi.
514 3254 539 3260 -
555 3232 716 3285 acciperet
730 3252 757 3265 ==
772 3236 909 3278 accettesse
923 3246 969 3290 per
983 3232 1072 3288 buono.

10 3327 15 3355 ί
112 3328 115 3337 ’
146 3324 214 3373 m.
229 3328 355 3372 Vineam
374 3339 469 3382 ruxn,
481 3330 536 3373 sott.
554 3327 730 3381 Tiburtinam,
743 3328 797 3373 cioe
812 3333 903 3383 troppo
917 3327 1048 3382 splendide
1062 3343 1075 3372 e
1091 3342 1145 3373 son-

11 3396 14 3433 i
91 3377 157 3460 mpla·
168 3396 229 3442 Altri
243 3395 389 3443 intendono:
403 3396 451 3442 non
473 3411 516 3442 son
535 3398 557 3443 sl
571 3399 638 3442 eieco
654 3398 685 3442 da
699 3411 748 3443 non
762 3399 852 3443 vedere
867 3394 897 3443 le'
906 3404 949 3444 tuo
963 3399 1030 3444 villo.
1044 3424 1070 3431 -
1085 3400 1116 3444 N
1117 3414 1145 3445 α-

91 3457 169 3509 ⁸²⁰⁰e
187 3454 206 3513 b
225 3467 423 3524 probabilmente
441 3469 530 3514 Publio
552 3469 665 3514 Cornelio
685 3464 800 3523 Scipione
822 3470 924 3525 Nasica,
945 3472 1044 3516 console
1064 3472 1144 3516 l'unno

13 3542 16 3550 “
90 3515 188 3582 5f'b'iilll.
203 3563 223 3570 -
240 3540 412 3586 abortio...
431 3540 472 3584 ad
491 3541 631 3584 ianuam.
650 3540 779 3585 Ostiume
795 3540 909 3586 l’entrato
920 3544 943 3587 el
954 3538 1144 3595 vestibolo,cioe

13 3622 16 3627 ·
90 3597 131 3640 ”¹¹⁰
143 3611 219 3660 trunio
233 3615 310 3657 vuoto
324 3611 363 3656 fre
378 3612 403 3656 lo
416 3617 490 3666 porte
504 3613 606 3664 (ianua)
621 3611 687 3657 delle
701 3625 761 3657 cese
776 3627 789 3657 e
804 3613 829 3657 lu
843 3615 891 3659 vio.
904 3614 993 3659 Ianua
1008 3613 1145 3658 bl'entrata

11 3698 14 3703 ·
91 3667 141 3716 *⁰¹2
152 3676 213 3728 delle
226 3695 294 3728 caea.
309 3682 350 3736 Or,
363 3696 409 3737 per
423 3682 551 3727 intendere
566 3683 590 3728 lo
605 3682 712 3727 seconde
732 3688 803 3736 parte
827 3684 1020 3733 dell'oneddoto,
1041 3684 1145 3737 bisogno

91 3737 165 3790 ulltere
178 3749 220 3795 ohe
235 3750 253 3794 il
268 3752 344 3804 poeto
358 3749 444 3803 Ennio,
459 3749 558 3803 quando
573 3749 637 3794 endd
653 3763 668 3793 a
688 3749 792 3794 visitare
813 3751 907 3795 Nasica·
927 3763 939 3795 e
961 3750 1047 3797 n'ebbe
1062 3751 1146 3804 quello

91 3807 148 3873 terta
159 3819 271 3875 timente,
285 3834 328 3874 ero
350 3820 448 3874 andsto,
463 3824 600 3865 attreverso
615 3821 632 3864 il
646 3820 776 3875 vestibolo,
792 3820 835 3866 sin
856 3834 943 3875 presso
965 3821 989 3865 le
1010 3826 1082 3874 porta
1099 3822 1145 3871 (ad

90 3876 193 3941 “lunam)
206 3891 275 3945 della
287 3904 352 3943 oasa.
366 3916 392 3924 -
406 3893 498 3946 (turn,
512 3902 570 3936 noo
594 3897 653 3937 'xcx
679 3902 843 3937 coenosos
903 3892 929 3937 ld
941 3891 1004 3937 obet
1025 3891 1154 3935 uenires-
