<?xml version="1.0" encoding="UTF-8"?>
<!DOCTYPE html PUBLIC "-//W3C//DTD XHTML 1.0 Transitional//EN"
    "http://www.w3.org/TR/xhtml1/DTD/xhtml1-transitional.dtd">
<html xmlns="http://www.w3.org/1999/xhtml" xml:lang="en" lang="en">
 <head>
  <title>
</title>
<meta http-equiv="Content-Type" content="text/html;charset=utf-8" />
  <meta name='ocr-system' content='tesseract 3.04.00' />
  <meta name='ocr-capabilities' content='ocr_page ocr_carea ocr_par ocr_line ocrx_word'/>
</head>
<body>
  <div class='ocr_page' id='page_1' title='image "./deoratorelibrit00firmgoog_0194.png"; bbox 0 0 2526 4246; ppageno 0'>
   <div class='ocr_carea' id='block_1_1' title="bbox 203 127 1091 196">
    <p class='ocr_par' dir='ltr' id='par_1_1' title="bbox 203 127 1091 196">
     <span class='ocr_line' id='line_1_1' title="bbox 203 127 1091 196; baseline 0 -15"><span class='ocrx_word' id='word_1_1' title='bbox 203 140 247 182; x_wconf 81' lang='lat' dir='ltr'>nn</span> <span class='ocrx_word' id='word_1_2' title='bbox 264 139 405 185; x_wconf 72' lang='lat' dir='ltr'>canrosa</span> <span class='ocrx_word' id='word_1_3' title='bbox 420 142 484 183; x_wconf 77' lang='lat' dir='ltr'>ms.</span> <span class='ocrx_word' id='word_1_4' title='bbox 501 142 538 196; x_wconf 88' lang='lat'>11,</span> <span class='ocrx_word' id='word_1_5' title='bbox 552 141 622 184; x_wconf 76' lang='lat' dir='ltr'>cae.</span> <span class='ocrx_word' id='word_1_6' title='bbox 641 142 791 190; x_wconf 76' lang='lat' dir='ltr'>xcviii-x,</span> <span class='ocrx_word' id='word_1_7' title='bbox 810 141 928 194; x_wconf 66' lang='lat' dir='ltr'>craesos</span> <span class='ocrx_word' id='word_1_8' title='bbox 1040 127 1091 181; x_wconf 82' lang='grc'>189</span> 
     </span>
    </p>
   </div>
   <div class='ocr_carea' id='block_1_2' title="bbox 45 245 1164 2693">
    <p class='ocr_par' dir='ltr' id='par_1_2' title="bbox 45 245 1164 1871">
     <span class='ocr_line' id='line_1_2' title="bbox 45 245 1089 322; baseline -0.001 -11"><span class='ocrx_word' id='word_1_9' title='bbox 45 246 171 313; x_wconf 80' lang='lat' dir='ltr'>ulmeis</span> <span class='ocrx_word' id='word_1_10' title='bbox 194 256 297 313; x_wconf 90' lang='lat' dir='ltr'>tamen</span> <span class='ocrx_word' id='word_1_11' title='bbox 318 246 434 315; x_wconf 78' lang='lat' dir='ltr'>civibus</span> <span class='ocrx_word' id='word_1_12' title='bbox 455 247 544 313; x_wconf 87' lang='lat' dir='ltr'>saluti</span> <span class='ocrx_word' id='word_1_13' title='bbox 568 246 762 312; x_wconf 89' lang='lat' dir='ltr'>existimarer</span> <span class='ocrx_word' id='word_1_14' title='bbox 784 245 887 322; x_wconf 84' lang='lat' dir='ltr'>inisse,</span> <span class='ocrx_word' id='word_1_15' title='bbox 902 245 998 310; x_wconf 90' lang='lat' dir='ltr'>sodali</span> <span class='ocrx_word' id='word_1_16' title='bbox 1021 264 1089 310; x_wconf 91' lang='lat' dir='ltr'>meo</span> 
     </span>
     <span class='ocr_line' id='line_1_3' title="bbox 45 347 1164 436; baseline -0.003 -24"><span class='ocrx_word' id='word_1_17' title='bbox 45 349 168 416; x_wconf 89' lang='lat' dir='ltr'>uuxilium</span> <span class='ocrx_word' id='word_1_18' title='bbox 192 348 274 415; x_wconf 82' lang='lat' dir='ltr'>ferre</span> <span class='ocrx_word' id='word_1_19' title='bbox 295 369 357 415; x_wconf 91' lang='lat' dir='ltr'>non</span> <span class='ocrx_word' id='word_1_20' title='bbox 371 350 549 436; x_wconf 87' lang='lat' dir='ltr'>potuissem.</span> <span class='ocrx_word' id='word_1_21' title='bbox 594 348 737 415; x_wconf 77' lang='lat' dir='ltr'>Petebam</span> <span class='ocrx_word' id='word_1_22' title='bbox 753 370 769 412; x_wconf 93' lang='lat' dir='ltr'>a</span> <span class='ocrx_word' id='word_1_23' title='bbox 787 348 946 423; x_wconf 89' lang='lat' dir='ltr'>iudicibus,</span> <span class='ocrx_word' id='word_1_24' title='bbox 961 358 996 413; x_wconf 90' lang='lat' dir='ltr'>ut</span> <span class='ocrx_word' id='word_1_25' title='bbox 1012 347 1088 412; x_wconf 92' lang='lat' dir='ltr'>illnd</span> <span class='ocrx_word' id='word_1_26' title='bbox 1115 355 1164 409; x_wconf 79' lang='lat'>201</span> 
     </span>
     <span class='ocr_line' id='line_1_4' title="bbox 45 450 1089 537; baseline -0.001 -23"><span class='ocrx_word' id='word_1_27' title='bbox 45 452 109 516; x_wconf 82' lang='lat' dir='ltr'>retati</span> <span class='ocrx_word' id='word_1_28' title='bbox 132 472 228 529; x_wconf 89' lang='lat' dir='ltr'>meae,</span> <span class='ocrx_word' id='word_1_29' title='bbox 253 461 286 517; x_wconf 89' lang='lat' dir='ltr'>ut</span> <span class='ocrx_word' id='word_1_30' title='bbox 314 452 490 530; x_wconf 70' lang='lat' dir='ltr'>honoribus</span> <span class='ocrx_word' id='word_1_31' title='bbox 519 462 552 518; x_wconf 92' lang='lat' dir='ltr'>ut</span> <span class='ocrx_word' id='word_1_32' title='bbox 581 452 672 518; x_wconf 88' lang='lat' dir='ltr'>rebus</span> <span class='ocrx_word' id='word_1_33' title='bbox 700 451 801 537; x_wconf 79' lang='lat' dir='ltr'>gestis,</span> <span class='ocrx_word' id='word_1_34' title='bbox 825 451 848 515; x_wconf 92' lang='lat' dir='ltr'>si</span> <span class='ocrx_word' id='word_1_35' title='bbox 881 451 967 527; x_wconf 90' lang='lat' dir='ltr'>iusto,</span> <span class='ocrx_word' id='word_1_36' title='bbox 991 450 1014 514; x_wconf 88' lang='lat' dir='ltr'>si</span> <span class='ocrx_word' id='word_1_37' title='bbox 1039 450 1089 534; x_wconf 95' lang='lat' dir='ltr'>pio</span> 
     </span>
     <span class='ocr_line' id='line_1_5' title="bbox 45 552 1088 638; baseline 0 -23"><span class='ocrx_word' id='word_1_38' title='bbox 45 552 125 619; x_wconf 85' lang='lat' dir='ltr'>dolore</span> <span class='ocrx_word' id='word_1_39' title='bbox 144 574 194 620; x_wconf 91' lang='lat' dir='ltr'>me</span> <span class='ocrx_word' id='word_1_40' title='bbox 223 573 289 620; x_wconf 84' lang='lat' dir='ltr'>esse</span> <span class='ocrx_word' id='word_1_41' title='bbox 317 554 467 621; x_wconf 88' lang='lat' dir='ltr'>adlectum</span> <span class='ocrx_word' id='word_1_42' title='bbox 490 554 645 629; x_wconf 88' lang='lat' dir='ltr'>viderent,</span> <span class='ocrx_word' id='word_1_43' title='bbox 669 554 883 632; x_wconf 87' lang='lat' dir='ltr'>concederent;</span> <span class='ocrx_word' id='word_1_44' title='bbox 907 553 1088 638; x_wconf 87' lang='lat' dir='ltr'>praesertim</span> 
     </span>
     <span class='ocr_line' id='line_1_6' title="bbox 45 656 1090 743; baseline 0.001 -25"><span class='ocrx_word' id='word_1_45' title='bbox 45 656 103 721; x_wconf 83' lang='lat' dir='ltr'>siin</span> <span class='ocrx_word' id='word_1_46' title='bbox 123 658 189 723; x_wconf 91' lang='lat' dir='ltr'>aliis</span> <span class='ocrx_word' id='word_1_47' title='bbox 210 658 308 723; x_wconf 90' lang='lat' dir='ltr'>causis</span> <span class='ocrx_word' id='word_1_48' title='bbox 337 658 558 724; x_wconf 91' lang='lat' dir='ltr'>intellexissent</span> <span class='ocrx_word' id='word_1_49' title='bbox 587 657 690 722; x_wconf 92' lang='lat' dir='ltr'>omnia</span> <span class='ocrx_word' id='word_1_50' title='bbox 720 677 769 723; x_wconf 90' lang='lat' dir='ltr'>me</span> <span class='ocrx_word' id='word_1_51' title='bbox 792 677 915 743; x_wconf 79' lang='lat' dir='ltr'>semper</span> <span class='ocrx_word' id='word_1_52' title='bbox 936 676 993 741; x_wconf 90' lang='lat' dir='ltr'>pro</span> <span class='ocrx_word' id='word_1_53' title='bbox 1016 656 1090 720; x_wconf 88' lang='lat' dir='ltr'>ami·</span> 
     </span>
     <span class='ocr_line' id='line_1_7' title="bbox 45 759 1088 846; baseline 0.002 -26"><span class='ocrx_word' id='word_1_54' title='bbox 45 777 125 825; x_wconf 87' lang='lat' dir='ltr'>uorum</span> <span class='ocrx_word' id='word_1_55' title='bbox 145 761 298 846; x_wconf 88' lang='lat' dir='ltr'>periculis,</span> <span class='ocrx_word' id='word_1_56' title='bbox 315 761 391 825; x_wconf 88' lang='lat' dir='ltr'>nihil</span> <span class='ocrx_word' id='word_1_57' title='bbox 404 780 543 846; x_wconf 90' lang='lat' dir='ltr'>unquam</span> <span class='ocrx_word' id='word_1_58' title='bbox 558 780 614 846; x_wconf 90' lang='lat' dir='ltr'>pro</span> <span class='ocrx_word' id='word_1_59' title='bbox 630 780 679 826; x_wconf 91' lang='lat' dir='ltr'>me</span> <span class='ocrx_word' id='word_1_60' title='bbox 695 760 760 845; x_wconf 89' lang='lat' dir='ltr'>ipso</span> <span class='ocrx_word' id='word_1_61' title='bbox 774 759 979 845; x_wconf 87' lang='lat' dir='ltr'>deprecatum.</span> <span class='ocrx_word' id='word_1_62' title='bbox 993 759 1041 824; x_wconf 90' lang='lat' dir='ltr'>Sic</span> <span class='ocrx_word' id='word_1_63' title='bbox 1057 760 1088 822; x_wconf 91' lang='lat' dir='ltr'>in</span> 
     </span>
     <span class='ocr_line' id='line_1_8' title="bbox 45 858 1088 948; baseline 0.005 -27"><span class='ocrx_word' id='word_1_64' title='bbox 45 858 81 925; x_wconf 90' lang='lat' dir='ltr'>illa</span> <span class='ocrx_word' id='word_1_65' title='bbox 99 864 177 928; x_wconf 91' lang='lat' dir='ltr'>omni</span> <span class='ocrx_word' id='word_1_66' title='bbox 200 862 376 929; x_wconf 77' lang='lat' dir='ltr'>defensione</span> <span class='ocrx_word' id='word_1_67' title='bbox 398 874 489 948; x_wconf 86' lang='lat' dir='ltr'>atque</span> <span class='ocrx_word' id='word_1_68' title='bbox 511 882 610 940; x_wconf 86' lang='lat' dir='ltr'>cansa,</span> <span class='ocrx_word' id='word_1_69' title='bbox 626 861 707 948; x_wconf 90' lang='lat' dir='ltr'>quod</span> <span class='ocrx_word' id='word_1_70' title='bbox 730 882 796 927; x_wconf 88' lang='lat' dir='ltr'>esse</span> <span class='ocrx_word' id='word_1_71' title='bbox 820 862 851 927; x_wconf 90' lang='lat' dir='ltr'>in</span> <span class='ocrx_word' id='word_1_72' title='bbox 875 872 940 927; x_wconf 83' lang='lat' dir='ltr'>aute</span> <span class='ocrx_word' id='word_1_73' title='bbox 955 861 1088 947; x_wconf 89' lang='lat' dir='ltr'>positum</span> 
     </span>
     <span class='ocr_line' id='line_1_9' title="bbox 45 962 1089 1052; baseline 0.006 -29"><span class='ocrx_word' id='word_1_74' title='bbox 45 962 189 1042; x_wconf 82' lang='lat' dir='ltr'>ridebatur,</span> <span class='ocrx_word' id='word_1_75' title='bbox 213 976 247 1031; x_wconf 91' lang='lat' dir='ltr'>nt</span> <span class='ocrx_word' id='word_1_76' title='bbox 262 966 300 1031; x_wconf 92' lang='lat' dir='ltr'>de</span> <span class='ocrx_word' id='word_1_77' title='bbox 315 967 380 1052; x_wconf 84' lang='lat' dir='ltr'>lege</span> <span class='ocrx_word' id='word_1_78' title='bbox 395 966 542 1051; x_wconf 80' lang='lat' dir='ltr'>Appuleia</span> <span class='ocrx_word' id='word_1_79' title='bbox 557 965 700 1041; x_wconf 79' lang='lat' dir='ltr'>dicerem,</span> <span class='ocrx_word' id='word_1_80' title='bbox 714 975 747 1030; x_wconf 92' lang='lat' dir='ltr'>ut</span> <span class='ocrx_word' id='word_1_81' title='bbox 763 965 836 1050; x_wconf 85' lang='lat' dir='ltr'>quid</span> <span class='ocrx_word' id='word_1_82' title='bbox 852 975 930 1031; x_wconf 88' lang='lat' dir='ltr'>esset</span> <span class='ocrx_word' id='word_1_83' title='bbox 948 965 1089 1047; x_wconf 88' lang='lat' dir='ltr'>minuere</span> 
     </span>
     <span class='ocr_line' id='line_1_10' title="bbox 45 1067 1088 1154; baseline 0.004 -26"><span class='ocrx_word' id='word_1_84' title='bbox 45 1067 208 1134; x_wconf 88' lang='lat' dir='ltr'>maiestatem</span> <span class='ocrx_word' id='word_1_85' title='bbox 230 1069 424 1153; x_wconf 76' lang='lat' dir='ltr'>explicarem,</span> <span class='ocrx_word' id='word_1_86' title='bbox 436 1087 587 1154; x_wconf 89' lang='lat' dir='ltr'>perquam</span> <span class='ocrx_word' id='word_1_87' title='bbox 603 1068 738 1133; x_wconf 85' lang='lat' dir='ltr'>breviter</span> <span class='ocrx_word' id='word_1_88' title='bbox 756 1068 923 1154; x_wconf 79' lang='lat' dir='ltr'>perstrinxi</span> <span class='ocrx_word' id='word_1_89' title='bbox 942 1079 1032 1153; x_wconf 75' lang='lat' dir='ltr'>atquae</span> <span class='ocrx_word' id='word_1_90' title='bbox 1047 1077 1088 1133; x_wconf 87' lang='lat' dir='ltr'>at·</span> 
     </span>
     <span class='ocr_line' id='line_1_11' title="bbox 46 1167 1089 1263; baseline 0.006 -34"><span class='ocrx_word' id='word_1_91' title='bbox 46 1167 157 1253; x_wconf 83' lang='lat' dir='ltr'>tigillis</span> <span class='ocrx_word' id='word_1_92' title='bbox 179 1171 297 1263; x_wconf 87' lang='lat' dir='ltr'>dualuus</span> <span class='ocrx_word' id='word_1_93' title='bbox 319 1171 455 1256; x_wconf 87' lang='lat' dir='ltr'>partibus</span> <span class='ocrx_word' id='word_1_94' title='bbox 481 1171 642 1247; x_wconf 87' lang='lat' dir='ltr'>orationis,</span> <span class='ocrx_word' id='word_1_95' title='bbox 666 1192 797 1255; x_wconf 82' lang='lat' dir='ltr'>quarum</span> <span class='ocrx_word' id='word_1_96' title='bbox 820 1173 914 1237; x_wconf 87' lang='lat' dir='ltr'>altera</span> <span class='ocrx_word' id='word_1_97' title='bbox 937 1191 1089 1237; x_wconf 87' lang='lat' dir='ltr'>commen-</span> 
     </span>
     <span class='ocr_line' id='line_1_12' title="bbox 45 1268 1088 1359; baseline 0.006 -27"><span class='ocrx_word' id='word_1_98' title='bbox 45 1268 172 1339; x_wconf 87' lang='lat' dir='ltr'>dationem</span> <span class='ocrx_word' id='word_1_99' title='bbox 196 1275 297 1350; x_wconf 87' lang='lat' dir='ltr'>habet,</span> <span class='ocrx_word' id='word_1_100' title='bbox 314 1276 407 1340; x_wconf 89' lang='lat' dir='ltr'>altera</span> <span class='ocrx_word' id='word_1_101' title='bbox 423 1273 664 1350; x_wconf 84' lang='lat' dir='ltr'>concitationem,</span> <span class='ocrx_word' id='word_1_102' title='bbox 681 1294 758 1358; x_wconf 70' lang='lat' dir='ltr'>(puae</span> <span class='ocrx_word' id='word_1_103' title='bbox 776 1275 904 1339; x_wconf 89' lang='lat' dir='ltr'>minime</span> <span class='ocrx_word' id='word_1_104' title='bbox 919 1274 1088 1359; x_wconf 86' lang='lat' dir='ltr'>praeceptis</span> 
     </span>
     <span class='ocr_line' id='line_1_13' title="bbox 45 1376 1087 1463; baseline 0.006 -29"><span class='ocrx_word' id='word_1_105' title='bbox 45 1376 132 1442; x_wconf 87' lang='lat' dir='ltr'>artium</span> <span class='ocrx_word' id='word_1_106' title='bbox 154 1388 226 1443; x_wconf 90' lang='lat' dir='ltr'>sunt</span> <span class='ocrx_word' id='word_1_107' title='bbox 253 1377 438 1463; x_wconf 81' lang='lat' dir='ltr'>perpolitae,</span> <span class='ocrx_word' id='word_1_108' title='bbox 462 1378 562 1441; x_wconf 90' lang='lat' dir='ltr'>omnis</span> <span class='ocrx_word' id='word_1_109' title='bbox 589 1388 634 1442; x_wconf 87' lang='lat' dir='ltr'>est</span> <span class='ocrx_word' id='word_1_110' title='bbox 656 1397 673 1440; x_wconf 92' lang='lat' dir='ltr'>a</span> <span class='ocrx_word' id='word_1_111' title='bbox 696 1398 745 1442; x_wconf 91' lang='lat' dir='ltr'>mc</span> <span class='ocrx_word' id='word_1_112' title='bbox 768 1379 820 1442; x_wconf 91' lang='lat' dir='ltr'>illa</span> <span class='ocrx_word' id='word_1_113' title='bbox 843 1398 930 1442; x_wconf 92' lang='lat' dir='ltr'>causa</span> <span class='ocrx_word' id='word_1_114' title='bbox 955 1387 1087 1453; x_wconf 86' lang='lat' dir='ltr'>tractata,</span> 
     </span>
     <span class='ocr_line' id='line_1_14' title="bbox 45 1479 1088 1565; baseline 0 -22"><span class='ocrx_word' id='word_1_115' title='bbox 45 1486 66 1537; x_wconf 88' lang='lat' dir='ltr'>ut</span> <span class='ocrx_word' id='word_1_116' title='bbox 83 1490 108 1544; x_wconf 92' lang='lat' dir='ltr'>et</span> <span class='ocrx_word' id='word_1_117' title='bbox 127 1480 293 1546; x_wconf 88' lang='lat' dir='ltr'>acerrimus</span> <span class='ocrx_word' id='word_1_118' title='bbox 315 1480 347 1545; x_wconf 93' lang='lat' dir='ltr'>in</span> <span class='ocrx_word' id='word_1_119' title='bbox 369 1479 530 1565; x_wconf 85' lang='lat' dir='ltr'>Caepionis</span> <span class='ocrx_word' id='word_1_120' title='bbox 559 1479 675 1544; x_wconf 87' lang='lat' dir='ltr'>invidia</span> <span class='ocrx_word' id='word_1_121' title='bbox 702 1480 878 1558; x_wconf 84' lang='lat' dir='ltr'>renovanda</span> <span class='ocrx_word' id='word_1_122' title='bbox 905 1490 935 1544; x_wconf 90' lang='lat' dir='ltr'>et</span> <span class='ocrx_word' id='word_1_123' title='bbox 957 1479 988 1542; x_wconf 93' lang='lat' dir='ltr'>in</span> <span class='ocrx_word' id='word_1_124' title='bbox 1012 1479 1088 1543; x_wconf 89' lang='lat' dir='ltr'>meis</span> 
     </span>
     <span class='ocr_line' id='line_1_15' title="bbox 45 1581 1088 1668; baseline 0.004 -27"><span class='ocrx_word' id='word_1_125' title='bbox 45 1582 155 1647; x_wconf 86' lang='lat' dir='ltr'>moribus</span> <span class='ocrx_word' id='word_1_126' title='bbox 186 1603 258 1668; x_wconf 71' lang='lat' dir='ltr'>enge</span> <span class='ocrx_word' id='word_1_127' title='bbox 285 1600 368 1647; x_wconf 85' lang='lat' dir='ltr'>meos</span> <span class='ocrx_word' id='word_1_128' title='bbox 394 1583 578 1648; x_wconf 85' lang='lat' dir='ltr'>necessarios</span> <span class='ocrx_word' id='word_1_129' title='bbox 606 1581 795 1647; x_wconf 82' lang='lat' dir='ltr'>declarandis</span> <span class='ocrx_word' id='word_1_130' title='bbox 825 1582 1088 1647; x_wconf 90' lang='lat' dir='ltr'>mansuetissimus</span> 
     </span>
     <span class='ocr_line' id='line_1_16' title="bbox 45 1680 1086 1771; baseline 0.007 -30"><span class='ocrx_word' id='word_1_131' title='bbox 45 1680 152 1750; x_wconf 75' lang='lat' dir='ltr'>viderer.</span> <span class='ocrx_word' id='word_1_132' title='bbox 176 1685 216 1751; x_wconf 85' lang='lat' dir='ltr'>lta</span> <span class='ocrx_word' id='word_1_133' title='bbox 239 1685 336 1771; x_wconf 82' lang='lat' dir='ltr'>magis</span> <span class='ocrx_word' id='word_1_134' title='bbox 357 1685 480 1750; x_wconf 87' lang='lat' dir='ltr'>adiectis</span> <span class='ocrx_word' id='word_1_135' title='bbox 502 1684 613 1749; x_wconf 89' lang='lat' dir='ltr'>animis</span> <span class='ocrx_word' id='word_1_136' title='bbox 636 1685 770 1751; x_wconf 84' lang='lat' dir='ltr'>iudicum</span> <span class='ocrx_word' id='word_1_137' title='bbox 795 1705 886 1770; x_wconf 90' lang='lat' dir='ltr'>quam</span> <span class='ocrx_word' id='word_1_138' title='bbox 910 1684 1003 1749; x_wconf 87' lang='lat' dir='ltr'>doctis</span> <span class='ocrx_word' id='word_1_139' title='bbox 1027 1695 1086 1762; x_wconf 89' lang='lat' dir='ltr'>tua,</span> 
     </span>
     <span class='ocr_line' id='line_1_17' title="bbox 45 1780 727 1871; baseline 0.01 -26"><span class='ocrx_word' id='word_1_140' title='bbox 45 1780 144 1871; x_wconf 83' lang='lat' dir='ltr'>Sulpici,</span> <span class='ocrx_word' id='word_1_141' title='bbox 167 1799 212 1854; x_wconf 88' lang='lat' dir='ltr'>est</span> <span class='ocrx_word' id='word_1_142' title='bbox 226 1810 250 1855; x_wconf 75' lang='lat' dir='ltr'>,a</span> <span class='ocrx_word' id='word_1_143' title='bbox 274 1788 361 1853; x_wconf 89' lang='lat' dir='ltr'>nobis</span> <span class='ocrx_word' id='word_1_144' title='bbox 384 1799 448 1854; x_wconf 91' lang='lat' dir='ltr'>tum</span> <span class='ocrx_word' id='word_1_145' title='bbox 471 1788 617 1853; x_wconf 89' lang='lat' dir='ltr'>accusatio</span> <span class='ocrx_word' id='word_1_146' title='bbox 641 1788 727 1853; x_wconf 87' lang='lat' dir='ltr'>victa.</span> 
     </span>
    </p>

    <p class='ocr_par' dir='ltr' id='par_1_3' title="bbox 45 1889 1164 2693">
     <span class='ocr_line' id='line_1_18' title="bbox 74 1889 1164 1976; baseline 0.007 -23"><span class='ocrx_word' id='word_1_147' title='bbox 74 1889 103 1953; x_wconf 85' lang='lat' dir='ltr'>L.</span> <span class='ocrx_word' id='word_1_148' title='bbox 124 1891 173 1956; x_wconf 85' lang='lat' dir='ltr'>llio</span> <span class='ocrx_word' id='word_1_149' title='bbox 196 1890 362 1976; x_wconf 85' lang='lat' dir='ltr'>Sulpicius:</span> <span class='ocrx_word' id='word_1_150' title='bbox 385 1889 464 1956; x_wconf 90' lang='lat' dir='ltr'>Vere</span> <span class='ocrx_word' id='word_1_151' title='bbox 479 1891 599 1966; x_wconf 85' lang='lat' dir='ltr'>lrercle,</span> <span class='ocrx_word' id='word_1_152' title='bbox 624 1890 732 1974; x_wconf 87' lang='lat' dir='ltr'>inquit,</span> <span class='ocrx_word' id='word_1_153' title='bbox 750 1890 871 1968; x_wconf 77' lang='lat' dir='ltr'>Antoni,</span> <span class='ocrx_word' id='word_1_154' title='bbox 888 1891 944 1955; x_wconf 89' lang='lat' dir='ltr'>ista</span> <span class='ocrx_word' id='word_1_155' title='bbox 959 1910 1088 1956; x_wconf 92' lang='lat' dir='ltr'>comme·</span> <span class='ocrx_word' id='word_1_156' title='bbox 1113 1907 1164 1961; x_wconf 81' lang='lat'>202</span> 
     </span>
     <span class='ocr_line' id='line_1_19' title="bbox 45 1991 1088 2077; baseline 0.006 -27"><span class='ocrx_word' id='word_1_157' title='bbox 45 2004 129 2057; x_wconf 85' lang='lat' dir='ltr'>moras.</span> <span class='ocrx_word' id='word_1_158' title='bbox 158 1993 234 2058; x_wconf 84' lang='lat' dir='ltr'>Nam</span> <span class='ocrx_word' id='word_1_159' title='bbox 262 2013 315 2077; x_wconf 80' lang='lat' dir='ltr'>ego</span> <span class='ocrx_word' id='word_1_160' title='bbox 345 1992 421 2057; x_wconf 87' lang='lat' dir='ltr'>nihil</span> <span class='ocrx_word' id='word_1_161' title='bbox 452 1991 687 2077; x_wconf 82' lang='lat' dir='ltr'>unquamuidi,</span> <span class='ocrx_word' id='word_1_162' title='bbox 711 1992 791 2076; x_wconf 86' lang='lat' dir='ltr'>quod</span> <span class='ocrx_word' id='word_1_163' title='bbox 819 2003 880 2058; x_wconf 92' lang='lat' dir='ltr'>tam</span> <span class='ocrx_word' id='word_1_164' title='bbox 907 2013 923 2058; x_wconf 92' lang='lat' dir='ltr'>e</span> <span class='ocrx_word' id='word_1_165' title='bbox 946 1993 1088 2058; x_wconf 70' lang='lat' dir='ltr'>manilius</span> 
     </span>
     <span class='ocr_line' id='line_1_20' title="bbox 46 2090 1087 2181; baseline 0.005 -27"><span class='ocrx_word' id='word_1_166' title='bbox 46 2090 199 2172; x_wconf 84' lang='lat' dir='ltr'>elaberetur,</span> <span class='ocrx_word' id='word_1_167' title='bbox 216 2116 308 2181; x_wconf 89' lang='lat' dir='ltr'>quam</span> <span class='ocrx_word' id='word_1_168' title='bbox 331 2095 405 2159; x_wconf 87' lang='lat' dir='ltr'>milui</span> <span class='ocrx_word' id='word_1_169' title='bbox 430 2105 496 2161; x_wconf 91' lang='lat' dir='ltr'>tum</span> <span class='ocrx_word' id='word_1_170' title='bbox 518 2104 563 2160; x_wconf 89' lang='lat' dir='ltr'>est</span> <span class='ocrx_word' id='word_1_171' title='bbox 586 2097 687 2181; x_wconf 90' lang='lat' dir='ltr'>elapsa</span> <span class='ocrx_word' id='word_1_172' title='bbox 711 2095 763 2160; x_wconf 90' lang='lat' dir='ltr'>illa</span> <span class='ocrx_word' id='word_1_173' title='bbox 786 2095 878 2181; x_wconf 70' lang='lat' dir='ltr'>lipsa}</span> <span class='ocrx_word' id='word_1_174' title='bbox 901 2095 1087 2160; x_wconf 73' lang='lat' dir='ltr'>coroadam</span> 
     </span>
     <span class='ocr_line' id='line_1_21' title="bbox 45 2194 1161 2284; baseline 0.004 -27"><span class='ocrx_word' id='word_1_175' title='bbox 45 2194 286 2284; x_wconf 78' lang='lat' dir='ltr'>cnin‚que1nad</span> <span class='ocrx_word' id='word_1_176' title='bbox 317 2197 442 2262; x_wconf 91' lang='lat' dir='ltr'>modum</span> <span class='ocrx_word' id='word_1_177' title='bbox 464 2196 584 2272; x_wconf 85' lang='lat' dir='ltr'>dixisti,</span> <span class='ocrx_word' id='word_1_178' title='bbox 608 2197 661 2262; x_wconf 90' lang='lat' dir='ltr'>tibi</span> <span class='ocrx_word' id='word_1_179' title='bbox 692 2217 747 2283; x_wconf 82' lang='lat' dir='ltr'>ego</span> <span class='ocrx_word' id='word_1_180' title='bbox 770 2217 832 2262; x_wconf 92' lang='lat' dir='ltr'>non</span> <span class='ocrx_word' id='word_1_181' title='bbox 856 2197 1011 2274; x_wconf 84' lang='lat' dir='ltr'>iudicium,</span> <span class='ocrx_word' id='word_1_182' title='bbox 1035 2197 1087 2262; x_wconf 92' lang='lat' dir='ltr'>sed</span> <span class='ocrx_word' id='word_1_183' title='bbox 1159 2237 1161 2241; x_wconf 68' lang='lat'>,</span> 
     </span>
     <span class='ocr_line' id='line_1_22' title="bbox 45 2288 1085 2384; baseline 0.004 -25"><span class='ocrx_word' id='word_1_184' title='bbox 45 2288 193 2366; x_wconf 85' lang='lat' dir='ltr'>incendium</span> <span class='ocrx_word' id='word_1_185' title='bbox 209 2300 410 2377; x_wconf 89' lang='lat' dir='ltr'>tradidissem,</span> <span class='ocrx_word' id='word_1_186' title='bbox 426 2298 507 2384; x_wconf 89' lang='lat' dir='ltr'>quod</span> <span class='ocrx_word' id='word_1_187' title='bbox 527 2309 614 2365; x_wconf 90' lang='lat' dir='ltr'>tunm</span> <span class='ocrx_word' id='word_1_188' title='bbox 629 2299 824 2384; x_wconf 89' lang='lat' dir='ltr'>principium,</span> <span class='ocrx_word' id='word_1_189' title='bbox 841 2299 871 2363; x_wconf 92' lang='lat' dir='ltr'>di</span> <span class='ocrx_word' id='word_1_190' title='bbox 888 2299 1085 2373; x_wconf 87' lang='lat' dir='ltr'>immortales,</span> 
     </span>
     <span class='ocr_line' id='line_1_23' title="bbox 45 2391 1086 2489; baseline 0.01 -31"><span class='ocrx_word' id='word_1_191' title='bbox 45 2391 96 2464; x_wconf 84' lang='lat' dir='ltr'>luit!</span> <span class='ocrx_word' id='word_1_192' title='bbox 116 2405 164 2489; x_wconf 92' lang='lat' dir='ltr'>qui</span> <span class='ocrx_word' id='word_1_193' title='bbox 190 2404 294 2468; x_wconf 86' lang='lat' dir='ltr'>timor!</span> <span class='ocrx_word' id='word_1_194' title='bbox 320 2423 397 2487; x_wconf 85' lang='lat' dir='ltr'>quae</span> <span class='ocrx_word' id='word_1_195' title='bbox 419 2402 582 2467; x_wconf 89' lang='lat' dir='ltr'>dubitatio!</span> <span class='ocrx_word' id='word_1_196' title='bbox 607 2412 720 2486; x_wconf 85' lang='lat' dir='ltr'>quanta</span> <span class='ocrx_word' id='word_1_197' title='bbox 738 2402 895 2467; x_wconf 84' lang='lat' dir='ltr'>haesitatio</span> <span class='ocrx_word' id='word_1_198' title='bbox 916 2411 1086 2487; x_wconf 84' lang='lat' dir='ltr'>tractusque</span> 
     </span>
     <span class='ocr_line' id='line_1_24' title="bbox 45 2502 1085 2590; baseline 0.006 -26"><span class='ocrx_word' id='word_1_199' title='bbox 45 2502 197 2572; x_wconf 73' lang='lat' dir='ltr'>veriorum!</span> <span class='ocrx_word' id='word_1_200' title='bbox 216 2506 253 2571; x_wconf 93' lang='lat' dir='ltr'>Ut</span> <span class='ocrx_word' id='word_1_201' title='bbox 270 2516 300 2571; x_wconf 85' lang='lat' dir='ltr'>tu</span> <span class='ocrx_word' id='word_1_202' title='bbox 316 2505 392 2571; x_wconf 89' lang='lat' dir='ltr'>illud</span> <span class='ocrx_word' id='word_1_203' title='bbox 412 2504 507 2582; x_wconf 89' lang='lat' dir='ltr'>initio,</span> <span class='ocrx_word' id='word_1_204' title='bbox 524 2505 605 2590; x_wconf 88' lang='lat' dir='ltr'>quod</span> <span class='ocrx_word' id='word_1_205' title='bbox 628 2505 683 2570; x_wconf 88' lang='lat' dir='ltr'>tibi</span> <span class='ocrx_word' id='word_1_206' title='bbox 699 2524 796 2570; x_wconf 90' lang='lat' dir='ltr'>unum</span> <span class='ocrx_word' id='word_1_207' title='bbox 812 2504 850 2569; x_wconf 91' lang='lat' dir='ltr'>ad</span> <span class='ocrx_word' id='word_1_208' title='bbox 868 2504 1085 2590; x_wconf 80' lang='lat' dir='ltr'>ignoscendum</span> 
     </span>
     <span class='ocr_line' id='line_1_25' title="bbox 45 2594 1086 2693; baseline 0.003 -24"><span class='ocrx_word' id='word_1_209' title='bbox 45 2594 157 2673; x_wconf 79' lang='lat' dir='ltr'>turnines</span> <span class='ocrx_word' id='word_1_210' title='bbox 179 2608 303 2685; x_wconf 86' lang='lat' dir='ltr'>dubunt,</span> <span class='ocrx_word' id='word_1_211' title='bbox 321 2607 457 2672; x_wconf 87' lang='lat' dir='ltr'>tenuisti:</span> <span class='ocrx_word' id='word_1_212' title='bbox 481 2616 510 2671; x_wconf 90' lang='lat' dir='ltr'>te</span> <span class='ocrx_word' id='word_1_213' title='bbox 525 2627 582 2692; x_wconf 92' lang='lat' dir='ltr'>pro</span> <span class='ocrx_word' id='word_1_214' title='bbox 600 2607 723 2672; x_wconf 90' lang='lat' dir='ltr'>homine</span> <span class='ocrx_word' id='word_1_215' title='bbox 746 2607 982 2692; x_wconf 86' lang='lat' dir='ltr'>pernecessario,</span> <span class='ocrx_word' id='word_1_216' title='bbox 998 2628 1086 2693; x_wconf 87' lang='lat' dir='ltr'>quae-</span> 
     </span>
    </p>
   </div>
   <div class='ocr_carea' id='block_1_3' title="bbox 45 2710 1087 2957">
    <p class='ocr_par' dir='ltr' id='par_1_4' title="bbox 48 2710 316 2734">
     <span class='ocr_line' id='line_1_26' title="bbox 48 2710 316 2734; baseline 0.007 -3"><span class='ocrx_word' id='word_1_217' title='bbox 48 2710 316 2734; x_wconf 40' lang='lat' dir='ltr'>N*</span> 
     </span>
    </p>

    <p class='ocr_par' dir='ltr' id='par_1_5' title="bbox 45 2759 1087 2957">
     <span class='ocr_line' id='line_1_27' title="bbox 45 2759 1087 2816; baseline 0.005 -15"><span class='ocrx_word' id='word_1_218' title='bbox 45 2759 176 2809; x_wconf 64' lang='lat' dir='ltr'>“anderne,</span> <span class='ocrx_word' id='word_1_219' title='bbox 203 2761 296 2804; x_wconf 83' lang='lat' dir='ltr'>esserri</span> <span class='ocrx_word' id='word_1_220' title='bbox 311 2760 334 2804; x_wconf 94' lang='lat' dir='ltr'>di</span> <span class='ocrx_word' id='word_1_221' title='bbox 351 2773 439 2805; x_wconf 84' lang='lat' dir='ltr'>rurexzo.</span> <span class='ocrx_word' id='word_1_222' title='bbox 461 2783 486 2790; x_wconf 89' lang='lat'>-</span> <span class='ocrx_word' id='word_1_223' title='bbox 510 2761 563 2804; x_wconf 83' lang='lat' dir='ltr'>sed</span> <span class='ocrx_word' id='word_1_224' title='bbox 584 2763 662 2805; x_wconf 87' lang='lat' dir='ltr'>meis</span> <span class='ocrx_word' id='word_1_225' title='bbox 683 2764 789 2805; x_wconf 81' lang='lat' dir='ltr'>tanuen</span> <span class='ocrx_word' id='word_1_226' title='bbox 809 2762 931 2805; x_wconf 82' lang='lat' dir='ltr'>ciuibus</span> <span class='ocrx_word' id='word_1_227' title='bbox 987 2775 1026 2806; x_wconf 82' lang='lat' dir='ltr'>mo</span> <span class='ocrx_word' id='word_1_228' title='bbox 1040 2776 1087 2816; x_wconf 87' lang='lat' dir='ltr'>pur</span> 
     </span>
     <span class='ocr_line' id='line_1_28' title="bbox 45 2828 1087 2886; baseline -0.001 -8"><span class='ocrx_word' id='word_1_229' title='bbox 45 2828 115 2878; x_wconf 67' lang='lat' dir='ltr'>iellice</span> <span class='ocrx_word' id='word_1_230' title='bbox 124 2832 179 2876; x_wconf 83' lang='lat' dir='ltr'>uriel</span> <span class='ocrx_word' id='word_1_231' title='bbox 195 2830 362 2884; x_wconf 78' lang='lat' dir='ltr'>concittadhsi,</span> <span class='ocrx_word' id='word_1_232' title='bbox 375 2834 439 2876; x_wconf 86' lang='lat' dir='ltr'>tutto</span> <span class='ocrx_word' id='word_1_233' title='bbox 449 2829 494 2875; x_wconf 84' lang='lat' dir='ltr'>ohe</span> <span class='ocrx_word' id='word_1_234' title='bbox 511 2843 588 2886; x_wconf 77' lang='lat' dir='ltr'>saepe</span> <span class='ocrx_word' id='word_1_235' title='bbox 605 2832 776 2876; x_wconf 78' lang='lat' dir='ltr'>alienissimis</span> <span class='ocrx_word' id='word_1_236' title='bbox 787 2845 803 2876; x_wconf 87' lang='lat' dir='ltr'>a</span> <span class='ocrx_word' id='word_1_237' title='bbox 813 2845 861 2884; x_wconf 80' lang='lat' dir='ltr'>nce,</span> <span class='ocrx_word' id='word_1_238' title='bbox 871 2832 946 2877; x_wconf 89' lang='lat' dir='ltr'>molto</span> <span class='ocrx_word' id='word_1_239' title='bbox 958 2847 973 2877; x_wconf 85' lang='lat' dir='ltr'>e</span> <span class='ocrx_word' id='word_1_240' title='bbox 982 2847 1020 2877; x_wconf 91' lang='lat' dir='ltr'>mo</span> <span class='ocrx_word' id='word_1_241' title='bbox 1031 2846 1087 2877; x_wconf 90' lang='lat' dir='ltr'>con·</span> 
     </span>
     <span class='ocr_line' id='line_1_29' title="bbox 45 2895 667 2957; baseline 0.018 -22"><span class='ocrx_word' id='word_1_242' title='bbox 45 2895 186 2955; x_wconf 65' lang='lat' dir='ltr'>:factitandae</span> <span class='ocrx_word' id='word_1_243' title='bbox 200 2915 247 2955; x_wconf 82' lang='lat' dir='ltr'>per</span> <span class='ocrx_word' id='word_1_244' title='bbox 261 2902 283 2945; x_wconf 85' lang='lat' dir='ltr'>le</span> <span class='ocrx_word' id='word_1_245' title='bbox 298 2901 394 2946; x_wconf 88' lang='lat' dir='ltr'>diverse</span> <span class='ocrx_word' id='word_1_246' title='bbox 408 2901 517 2955; x_wconf 86' lang='lat' dir='ltr'>opinioni</span> <span class='ocrx_word' id='word_1_247' title='bbox 533 2901 667 2957; x_wconf 82' lang='lat' dir='ltr'>politiohe).</span> 
     </span>
    </p>
   </div>
   <div class='ocr_carea' id='block_1_4' title="bbox 45 2993 1087 3260">
    <p class='ocr_par' dir='ltr' id='par_1_6' title="bbox 45 2993 1087 3260">
     <span class='ocr_line' id='line_1_30' title="bbox 89 2993 1087 3051; baseline 0.006 -15"><span class='ocrx_word' id='word_1_248' title='bbox 89 2993 152 3040; x_wconf 66' lang='lat'>201.</span> <span class='ocrx_word' id='word_1_249' title='bbox 168 2994 386 3040; x_wconf 70' lang='lat' dir='ltr'>carneaderent.</span> <span class='ocrx_word' id='word_1_250' title='bbox 401 2994 447 3048; x_wconf 86' lang='lat' dir='ltr'>Qui</span> <span class='ocrx_word' id='word_1_251' title='bbox 462 2996 603 3048; x_wconf 80' lang='lat' dir='ltr'>concedere,</span> <span class='ocrx_word' id='word_1_252' title='bbox 617 2995 683 3039; x_wconf 86' lang='lat' dir='ltr'>vale:</span> <span class='ocrx_word' id='word_1_253' title='bbox 697 2996 840 3051; x_wconf 79' lang='lat' dir='ltr'>irrdaclaere,</span> <span class='ocrx_word' id='word_1_254' title='bbox 847 2997 978 3042; x_wconf 84' lang='lat' dir='ltr'>rationem</span> <span class='ocrx_word' id='word_1_255' title='bbox 986 2999 1087 3042; x_wconf 83' lang='lat' dir='ltr'>habere.</span> 
     </span>
     <span class='ocr_line' id='line_1_31' title="bbox 45 3056 1087 3122; baseline 0.003 -14"><span class='ocrx_word' id='word_1_256' title='bbox 45 3056 118 3116; x_wconf 61' lang='lat' dir='ltr'>*lene</span> <span class='ocrx_word' id='word_1_257' title='bbox 137 3065 314 3120; x_wconf 75' lang='lat' dir='ltr'>Appuleia,</span> <span class='ocrx_word' id='word_1_258' title='bbox 329 3078 351 3108; x_wconf 86' lang='lat' dir='ltr'>v.</span> <span class='ocrx_word' id='word_1_259' title='bbox 365 3065 375 3116; x_wconf 69' lang='grc' dir='ltr'>Ξ</span> <span class='ocrx_word' id='word_1_260' title='bbox 391 3066 435 3109; x_wconf 81' lang='lat' dir='ltr'>llil.</span> <span class='ocrx_word' id='word_1_261' title='bbox 448 3088 475 3095; x_wconf 85' lang='lat'><em>-</em></span> <span class='ocrx_word' id='word_1_262' title='bbox 490 3065 623 3120; x_wconf 85' lang='lat' dir='ltr'>artium,</span> <span class='ocrx_word' id='word_1_263' title='bbox 637 3065 675 3110; x_wconf 84' lang='lat' dir='ltr'>do&#39;</span> <span class='ocrx_word' id='word_1_264' title='bbox 685 3067 780 3110; x_wconf 85' lang='lat' dir='ltr'>trattati</span> <span class='ocrx_word' id='word_1_265' title='bbox 791 3066 815 3110; x_wconf 91' lang='lat' dir='ltr'>di</span> <span class='ocrx_word' id='word_1_266' title='bbox 826 3066 939 3111; x_wconf 74' lang='lat' dir='ltr'>retorica.</span> <span class='ocrx_word' id='word_1_267' title='bbox 950 3069 1087 3122; x_wconf 73' lang='lat' dir='ltr'>—rrtapr&#39;s</span> 
     </span>
     <span class='ocr_line' id='line_1_32' title="bbox 45 3125 1086 3200; baseline 0.001 -20"><span class='ocrx_word' id='word_1_268' title='bbox 45 3125 154 3200; x_wconf 39' lang='lat' dir='ltr'>litantis</span> <span class='ocrx_word' id='word_1_269' title='bbox 176 3135 296 3180; x_wconf 81' lang='lat' dir='ltr'>animis</span> <span class='ocrx_word' id='word_1_270' title='bbox 319 3136 496 3180; x_wconf 80' lang='lat' dir='ltr'>indicam=</span> <span class='ocrx_word' id='word_1_271' title='bbox 510 3135 631 3188; x_wconf 89' lang='lat' dir='ltr'>pinttosto</span> <span class='ocrx_word' id='word_1_272' title='bbox 646 3137 864 3182; x_wconf 83' lang='lat' dir='ltr'>colcommuovere</span> <span class='ocrx_word' id='word_1_273' title='bbox 882 3138 887 3180; x_wconf 96' lang='lat' dir='ltr'>i</span> <span class='ocrx_word' id='word_1_274' title='bbox 902 3136 971 3181; x_wconf 88' lang='lat' dir='ltr'>cuori</span> <span class='ocrx_word' id='word_1_275' title='bbox 986 3136 1086 3190; x_wconf 81' lang='lat' dir='ltr'>de&#39;giu·</span> 
     </span>
     <span class='ocr_line' id='line_1_33' title="bbox 45 3187 1060 3260; baseline 0 -10"><span class='ocrx_word' id='word_1_276' title='bbox 45 3187 80 3242; x_wconf 63' lang='lat' dir='ltr'>hii·</span> <span class='ocrx_word' id='word_1_277' title='bbox 90 3227 112 3235; x_wconf 87' lang='lat'><em>-</em></span> <span class='ocrx_word' id='word_1_278' title='bbox 126 3220 220 3260; x_wconf 73' lang='lat' dir='ltr'>arcam</span> <span class='ocrx_word' id='word_1_279' title='bbox 235 3207 336 3250; x_wconf 86' lang='lat' dir='ltr'>doctis</span> <span class='ocrx_word' id='word_1_280' title='bbox 351 3207 458 3255; x_wconf 75' lang='lat' dir='ltr'>(areimis</span> <span class='ocrx_word' id='word_1_281' title='bbox 473 3207 597 3257; x_wconf 79' lang='lat' dir='ltr'>tadicum)</span> <span class='ocrx_word' id='word_1_282' title='bbox 611 3227 639 3240; x_wconf 91' lang='lat'>=·</span> <span class='ocrx_word' id='word_1_283' title='bbox 653 3207 697 3251; x_wconf 87' lang='lat' dir='ltr'>ohe</span> <span class='ocrx_word' id='word_1_284' title='bbox 712 3209 750 3253; x_wconf 94' lang='lat' dir='ltr'>col</span> <span class='ocrx_word' id='word_1_285' title='bbox 765 3207 927 3252; x_wconf 86' lang='lat' dir='ltr'>convincerne</span> <span class='ocrx_word' id='word_1_286' title='bbox 940 3207 962 3251; x_wconf 91' lang='lat' dir='ltr'>le</span> <span class='ocrx_word' id='word_1_287' title='bbox 977 3208 1060 3251; x_wconf 87' lang='lat' dir='ltr'>monti.</span> 
     </span>
    </p>
   </div>
   <div class='ocr_carea' id='block_1_5' title="bbox 45 3290 1090 3848">
    <p class='ocr_par' dir='ltr' id='par_1_7' title="bbox 45 3290 1090 3848">
     <span class='ocr_line' id='line_1_34' title="bbox 55 3290 1086 3359; baseline 0.006 -25"><span class='ocrx_word' id='word_1_288' title='bbox 55 3290 70 3359; x_wconf 19' lang='grc' dir='ltr'>,Α</span> <span class='ocrx_word' id='word_1_289' title='bbox 87 3292 154 3339; x_wconf 65' lang='lat'>202.</span> <span class='ocrx_word' id='word_1_290' title='bbox 183 3293 297 3339; x_wconf 85' lang='lat' dir='ltr'>Vere...</span> <span class='ocrx_word' id='word_1_291' title='bbox 315 3295 381 3337; x_wconf 81' lang='lat' dir='ltr'>ista</span> <span class='ocrx_word' id='word_1_292' title='bbox 395 3307 632 3339; x_wconf 88' lang='lat' dir='ltr'>commemoras.</span> <span class='ocrx_word' id='word_1_293' title='bbox 647 3294 700 3339; x_wconf 80' lang='lat' dir='ltr'>Non</span> <span class='ocrx_word' id='word_1_294' title='bbox 711 3295 1086 3349; x_wconf 74' lang='lat' dir='ltr'>tradurroilotterolmente,chd</span> 
     </span>
     <span class='ocr_line' id='line_1_35' title="bbox 45 3349 1087 3418; baseline 0.01 -17"><span class='ocrx_word' id='word_1_295' title='bbox 45 3349 117 3406; x_wconf 80' lang='lat' dir='ltr'>&#39;ludolo</span> <span class='ocrx_word' id='word_1_296' title='bbox 131 3365 197 3410; x_wconf 86' lang='lat' dir='ltr'>dello</span> <span class='ocrx_word' id='word_1_297' title='bbox 213 3365 297 3417; x_wconf 79' lang='lat' dir='ltr'>lingua</span> <span class='ocrx_word' id='word_1_298' title='bbox 311 3369 395 3408; x_wconf 86' lang='lat' dir='ltr'>nostra</span> <span class='ocrx_word' id='word_1_299' title='bbox 409 3378 456 3409; x_wconf 96' lang='lat' dir='ltr'>non</span> <span class='ocrx_word' id='word_1_300' title='bbox 473 3366 495 3409; x_wconf 94' lang='lat' dir='ltr'>lo</span> <span class='ocrx_word' id='word_1_301' title='bbox 510 3369 637 3418; x_wconf 74' lang='lat' dir='ltr'>consente3</span> <span class='ocrx_word' id='word_1_302' title='bbox 652 3379 692 3409; x_wconf 84' lang='lat' dir='ltr'>mc</span> <span class='ocrx_word' id='word_1_303' title='bbox 707 3365 781 3410; x_wconf 83' lang='lat' dir='ltr'>dirai:</span> <span class='ocrx_word' id='word_1_304' title='bbox 795 3379 842 3410; x_wconf 87' lang='lat' dir='ltr'>son</span> <span class='ocrx_word' id='word_1_305' title='bbox 861 3379 919 3410; x_wconf 83' lang='lat' dir='ltr'>aere</span> <span class='ocrx_word' id='word_1_306' title='bbox 935 3366 958 3409; x_wconf 86' lang='lat' dir='ltr'>te</span> <span class='ocrx_word' id='word_1_307' title='bbox 968 3379 1024 3410; x_wconf 88' lang='lat' dir='ltr'>cose</span> <span class='ocrx_word' id='word_1_308' title='bbox 1042 3368 1087 3411; x_wconf 81' lang='lat' dir='ltr'>che</span> 
     </span>
     <span class='ocr_line' id='line_1_36' title="bbox 48 3432 1086 3489; baseline 0.003 -10.991"><span class='ocrx_word' id='word_1_309' title='bbox 48 3432 87 3475; x_wconf 49' lang='grc' dir='ltr'>ἰω</span> <span class='ocrx_word' id='word_1_310' title='bbox 109 3457 132 3464; x_wconf 95' lang='grc'><strong>-</strong></span> <span class='ocrx_word' id='word_1_311' title='bbox 156 3447 218 3479; x_wconf 87' lang='lat' dir='ltr'>non</span> <span class='ocrx_word' id='word_1_312' title='bbox 240 3435 403 3489; x_wconf 79' lang='lat' dir='ltr'>indiciam,</span> <span class='ocrx_word' id='word_1_313' title='bbox 430 3436 483 3479; x_wconf 88' lang='lat' dir='ltr'>sed</span> <span class='ocrx_word' id='word_1_314' title='bbox 511 3436 696 3479; x_wconf 78' lang='lat' dir='ltr'>incendium</span> <span class='ocrx_word' id='word_1_315' title='bbox 725 3436 947 3480; x_wconf 83' lang='lat' dir='ltr'>tradidissem.</span> <span class='ocrx_word' id='word_1_316' title='bbox 973 3436 1037 3481; x_wconf 84' lang='lat' dir='ltr'>Note</span> <span class='ocrx_word' id='word_1_317' title='bbox 1062 3437 1086 3481; x_wconf 94' lang='lat' dir='ltr'>lo</span> 
     </span>
     <span class='ocr_line' id='line_1_37' title="bbox 45 3499 1086 3568; baseline 0.005 -16"><span class='ocrx_word' id='word_1_318' title='bbox 45 3499 125 3568; x_wconf 59' lang='lat' dir='ltr'>tillires,</span> <span class='ocrx_word' id='word_1_319' title='bbox 145 3510 190 3555; x_wconf 69' lang='lat' dir='ltr'>che</span> <span class='ocrx_word' id='word_1_320' title='bbox 206 3510 222 3553; x_wconf 91' lang='lat' dir='ltr'>il</span> <span class='ocrx_word' id='word_1_321' title='bbox 239 3509 314 3554; x_wconf 82' lang='lat' dir='ltr'>verbo</span> <span class='ocrx_word' id='word_1_322' title='bbox 329 3510 431 3554; x_wconf 86' lang='lat' dir='ltr'>convien</span> <span class='ocrx_word' id='word_1_323' title='bbox 447 3511 508 3554; x_wconf 91' lang='lat' dir='ltr'>bone</span> <span class='ocrx_word' id='word_1_324' title='bbox 524 3525 539 3554; x_wconf 85' lang='lat' dir='ltr'>c</span> <span class='ocrx_word' id='word_1_325' title='bbox 553 3511 563 3554; x_wconf 85' lang='lat' dir='ltr'>i</span> <span class='ocrx_word' id='word_1_326' title='bbox 569 3511 719 3564; x_wconf 66' lang='lat' dir='ltr'>usticiam,</span> <span class='ocrx_word' id='word_1_327' title='bbox 734 3525 781 3556; x_wconf 89' lang='lat' dir='ltr'>non</span> <span class='ocrx_word' id='word_1_328' title='bbox 792 3511 834 3564; x_wconf 77' lang='lat' dir='ltr'>git</span> <span class='ocrx_word' id='word_1_329' title='bbox 849 3511 880 3556; x_wconf 87' lang='lat' dir='ltr'>ud</span> <span class='ocrx_word' id='word_1_330' title='bbox 895 3513 1051 3557; x_wconf 76' lang='lat' dir='ltr'>incendium.</span> <span class='ocrx_word' id='word_1_331' title='bbox 1062 3536 1086 3544; x_wconf 89' lang='lat'><em>-</em></span> 
     </span>
     <span class='ocr_line' id='line_1_38' title="bbox 45 3578 1090 3636; baseline 0.01 -19"><span class='ocrx_word' id='word_1_332' title='bbox 45 3578 137 3626; x_wconf 76' lang='lat' dir='ltr'>luania</span> <span class='ocrx_word' id='word_1_333' title='bbox 153 3581 332 3626; x_wconf 76' lang='lat' dir='ltr'>haesitatio</span> <span class='ocrx_word' id='word_1_334' title='bbox 347 3584 537 3636; x_wconf 80' lang='lat' dir='ltr'>tractasque</span> <span class='ocrx_word' id='word_1_335' title='bbox 552 3582 728 3635; x_wconf 84' lang='lat' dir='ltr'>verborum,</span> <span class='ocrx_word' id='word_1_336' title='bbox 741 3586 834 3635; x_wconf 79' lang='lat' dir='ltr'>quanto</span> <span class='ocrx_word' id='word_1_337' title='bbox 846 3583 1045 3636; x_wconf 84' lang='lat' dir='ltr'>inceppomento</span> <span class='ocrx_word' id='word_1_338' title='bbox 1059 3598 1090 3628; x_wconf 87' lang='lat' dir='ltr'>ne</span> 
     </span>
     <span class='ocr_line' id='line_1_39' title="bbox 45 3645 1087 3706; baseline 0.007 -14"><span class='ocrx_word' id='word_1_339' title='bbox 45 3645 136 3697; x_wconf 71' lang='lat' dir='ltr'>‘lrlorce</span> <span class='ocrx_word' id='word_1_340' title='bbox 151 3652 195 3697; x_wconf 90' lang='lat' dir='ltr'>che</span> <span class='ocrx_word' id='word_1_341' title='bbox 213 3651 329 3696; x_wconf 77' lang='lat' dir='ltr'>difficoltd</span> <span class='ocrx_word' id='word_1_342' title='bbox 343 3651 367 3696; x_wconf 90' lang='lat' dir='ltr'>di</span> <span class='ocrx_word' id='word_1_343' title='bbox 382 3652 529 3705; x_wconf 81' lang='lat' dir='ltr'>pronuncio!</span> <span class='ocrx_word' id='word_1_344' title='bbox 551 3651 597 3706; x_wconf 87' lang='lat' dir='ltr'>Qui</span> <span class='ocrx_word' id='word_1_345' title='bbox 619 3651 655 3695; x_wconf 49' lang='grc' dir='ltr'>γ’ὼ</span> <span class='ocrx_word' id='word_1_346' title='bbox 677 3652 788 3706; x_wconf 76' lang='lat' dir='ltr'>endiadi3</span> <span class='ocrx_word' id='word_1_347' title='bbox 802 3653 865 3698; x_wconf 82' lang='lat' dir='ltr'>onde</span> <span class='ocrx_word' id='word_1_348' title='bbox 887 3654 1021 3699; x_wconf 85' lang='lat' dir='ltr'>tradurrai:</span> <span class='ocrx_word' id='word_1_349' title='bbox 1036 3656 1087 3699; x_wconf 89' lang='lat' dir='ltr'>len·</span> 
     </span>
     <span class='ocr_line' id='line_1_40' title="bbox 45 3720 1086 3777; baseline 0.003 -11"><span class='ocrx_word' id='word_1_350' title='bbox 45 3720 87 3762; x_wconf 67' lang='lat' dir='ltr'>llll</span> <span class='ocrx_word' id='word_1_351' title='bbox 100 3724 135 3767; x_wconf 82' lang='lat' dir='ltr'>nel</span> <span class='ocrx_word' id='word_1_352' title='bbox 151 3726 241 3768; x_wconf 84' lang='lat' dir='ltr'>urretter</span> <span class='ocrx_word' id='word_1_353' title='bbox 255 3722 319 3766; x_wconf 85' lang='lat' dir='ltr'>fuori</span> <span class='ocrx_word' id='word_1_354' title='bbox 334 3722 356 3767; x_wconf 93' lang='lat' dir='ltr'>le</span> <span class='ocrx_word' id='word_1_355' title='bbox 371 3725 465 3777; x_wconf 81' lang='lat' dir='ltr'>parole.</span> <span class='ocrx_word' id='word_1_356' title='bbox 475 3747 501 3754; x_wconf 91' lang='lat'>—-</span> <span class='ocrx_word' id='word_1_357' title='bbox 517 3723 554 3767; x_wconf 91' lang='lat' dir='ltr'>Ut</span> <span class='ocrx_word' id='word_1_358' title='bbox 569 3727 611 3768; x_wconf 85' lang='lat' dir='ltr'>tn.</span> <span class='ocrx_word' id='word_1_359' title='bbox 620 3759 639 3769; x_wconf 88' lang='lat'>..</span> <span class='ocrx_word' id='word_1_360' title='bbox 657 3724 796 3768; x_wconf 77' lang='lat' dir='ltr'>tenuisti</span> <span class='ocrx_word' id='word_1_361' title='bbox 809 3745 836 3758; x_wconf 80' lang='lat'>==</span> <span class='ocrx_word' id='word_1_362' title='bbox 846 3724 919 3769; x_wconf 89' lang='lat' dir='ltr'>Come</span> <span class='ocrx_word' id='word_1_363' title='bbox 929 3725 978 3769; x_wconf 90' lang='lat' dir='ltr'>ben</span> <span class='ocrx_word' id='word_1_364' title='bbox 987 3725 1006 3769; x_wconf 89' lang='lat' dir='ltr'>ti</span> <span class='ocrx_word' id='word_1_365' title='bbox 1016 3726 1086 3770; x_wconf 88' lang='lat' dir='ltr'>stesti</span> 
     </span>
     <span class='ocr_line' id='line_1_41' title="bbox 45 3790 1087 3848; baseline 0.003 -12"><span class='ocrx_word' id='word_1_366' title='bbox 45 3790 117 3839; x_wconf 63' lang='lat' dir='ltr'>llio...</span> <span class='ocrx_word' id='word_1_367' title='bbox 132 3797 137 3838; x_wconf 90' lang='lat' dir='ltr'>l</span> <span class='ocrx_word' id='word_1_368' title='bbox 151 3794 232 3838; x_wconf 84' lang='lat' dir='ltr'>-&#39;ad</span> <span class='ocrx_word' id='word_1_369' title='bbox 254 3794 482 3847; x_wconf 75' lang='lat' dir='ltr'>ianoscendnm</span> <span class='ocrx_word' id='word_1_370' title='bbox 495 3815 522 3828; x_wconf 86' lang='lat'><em>=</em></span> <span class='ocrx_word' id='word_1_371' title='bbox 536 3792 608 3848; x_wconf 83' lang='lat' dir='ltr'>qussi</span> <span class='ocrx_word' id='word_1_372' title='bbox 618 3807 633 3837; x_wconf 88' lang='lat' dir='ltr'>o</span> <span class='ocrx_word' id='word_1_373' title='bbox 647 3793 704 3838; x_wconf 83' lang='lat' dir='ltr'>forti</span> <span class='ocrx_word' id='word_1_374' title='bbox 720 3795 805 3847; x_wconf 80' lang='lat' dir='ltr'>grazia</span> <span class='ocrx_word' id='word_1_375' title='bbox 820 3794 844 3838; x_wconf 93' lang='lat' dir='ltr'>di</span> <span class='ocrx_word' id='word_1_376' title='bbox 859 3798 931 3848; x_wconf 83' lang='lat' dir='ltr'>poter</span> <span class='ocrx_word' id='word_1_377' title='bbox 941 3796 1047 3848; x_wconf 81' lang='lat' dir='ltr'>pariare.</span> <span class='ocrx_word' id='word_1_378' title='bbox 1061 3817 1087 3826; x_wconf 85' lang='lat'><em>-</em></span> 
     </span>
    </p>
   </div>
   <div class='ocr_carea' id='block_1_6' title="bbox 45 3861 847 3931">
    <p class='ocr_par' dir='ltr' id='par_1_8' title="bbox 45 3861 847 3931">
     <span class='ocr_line' id='line_1_42' title="bbox 45 3861 847 3931; baseline 0.016 -27"><span class='ocrx_word' id='word_1_379' title='bbox 45 3862 156 3913; x_wconf 82' lang='lat' dir='ltr'>ltnrines</span> <span class='ocrx_word' id='word_1_380' title='bbox 174 3887 202 3903; x_wconf 91' lang='lat'>-</span> <span class='ocrx_word' id='word_1_381' title='bbox 222 3866 345 3920; x_wconf 73' lang='lat' dir='ltr'>igiudioi.</span> <span class='ocrx_word' id='word_1_382' title='bbox 359 3868 406 3914; x_wconf 84' lang='lat' dir='ltr'>Cir.</span> <span class='ocrx_word' id='word_1_383' title='bbox 425 3869 443 3913; x_wconf 86' lang='lat' dir='ltr'>il</span> <span class='ocrx_word' id='word_1_384' title='bbox 457 3882 543 3922; x_wconf 79' lang='lat' dir='ltr'>greco:</span> <span class='ocrx_word' id='word_1_385' title='bbox 558 3862 583 3915; x_wconf 81' lang='lat' dir='ltr'>ol</span> <span class='ocrx_word' id='word_1_386' title='bbox 600 3862 696 3931; x_wconf 76' lang='grc' dir='ltr'><strong>ἄνδρες</strong></span> <span class='ocrx_word' id='word_1_387' title='bbox 713 3861 847 3917; x_wconf 56' lang='lat' dir='ltr'>dimersi.</span> 
     </span>
    </p>
   </div>
   <div class='ocr_carea' id='block_1_7' title="bbox 0 0 1268 4246">
    <p class='ocr_par' dir='ltr' id='par_1_9' title="bbox 0 0 1268 4246">
     <span class='ocr_line' id='line_1_43' title="bbox 0 0 1268 4246; baseline 0 0"><span class='ocrx_word' id='word_1_388' title='bbox 0 0 1268 4246; x_wconf 95' lang='lat' dir='ltr'> </span> 
     </span>
    </p>
   </div>
  </div>
 </body>
</html>
