2526 4246
121 140 172 199 152
487 151 521 189 m,
540 150 645 190 sunum
664 148 829 190 cuesssoms

120 257 207 323 oerrdi
233 258 369 322 molliora
395 277 428 321 ac
452 256 623 322 remissiora
646 276 758 342 genera
780 255 958 340 viguerunt.
989 252 1062 327 lude
1086 252 1180 319 Demo

121 360 237 436 ollares,
261 380 352 444 quem
375 359 460 423 aiunt
490 359 602 422 sororis
631 357 730 423 lilium
760 356 852 422 luisse
880 354 1098 435 Demostheui3
1127 364 1180 420 tum
1218 428 1223 439 ¹

90 454 108 477 “’
122 462 287 528 Phalereus
310 463 362 527 ille
384 461 566 537 Demetrius,
590 460 729 526 omnium
745 459 874 524 istorum
889 478 960 524 mea
977 457 1126 524 sententia
1139 477 1181 543 po
1220 464 1223 477 ’

122 565 289 640 litissimus
305 565 419 650 aliique
435 564 546 628 lrorum
561 563 676 627 similes
692 562 883 628 exstiterunt.
908 560 994 645 Quae
1016 561 1040 625 si
1058 561 1181 625 volemus

122 668 278 753 usquead
302 668 358 733 lroc
382 678 501 751 tempus
523 666 675 752 persequi,
699 666 922 751 intellegemus
953 675 987 731 ut
1013 662 1105 730 etiam
1130 664 1183 727 lla·

123 770 311 835 basilensem
334 770 422 835 illum
447 768 611 834 Meneclem
634 778 663 833 et
686 769 751 833 eius
774 768 901 832 lustrem
924 766 1105 843 Hieroclem,
1120 784 1182 850 qum

123 893 176 958 ego
199 873 311 949 audivi,
340 882 399 936 totu
427 871 565 950 imitetur
594 870 674 947 Asia,
706 871 748 934 sie
775 889 899 954 semper
927 869 1021 936 luisse
1050 870 1180 954 aliquem,

123 975 207 1039 cuius
229 995 260 1039 se
283 975 398 1039 similes
421 974 560 1059 plerique
582 994 648 1039 esse
669 974 794 1038 vellent.

63 1088 97 1141 96
166 1075 247 1141 Hunc
269 1077 361 1162 igitur
376 1077 609 1142 similitudinem
625 1076 676 1161 qui
693 1076 861 1141 imitatione
877 1074 1003 1160 adsequi
1021 1077 1111 1152 volet,
1125 1093 1181 1140 eum

123 1179 389 1245 exercitationibus
407 1180 521 1244 crebris
543 1191 634 1264 alque
657 1179 774 1263 magnis
796 1189 861 1244 tum
885 1177 1049 1244 scribendo
1063 1177 1181 1243 maxime

123 1292 333 1367 persequetur.
358 1281 444 1365 Quod
467 1282 490 1346 si
516 1282 689 1347 lienosos
712 1280 864 1366 Sulpicius
881 1280 1002 1357 laceret,
1019 1283 1115 1347 multo
1129 1279 1182 1345 eius

123 1385 219 1449 oratio
248 1396 326 1449 esset
355 1384 504 1470 pressior;
534 1385 565 1448 in
592 1405 651 1469 quo
680 1403 761 1449 nunc
787 1382 954 1460 interdum,
978 1394 1014 1449 ut
1037 1384 1069 1449 in
1092 1381 1182 1448 herbis

125 1487 225 1552 rustici
249 1489 347 1552 solent
369 1487 468 1551 dicere
492 1487 522 1549 in
547 1506 664 1551 summo
689 1486 836 1561 ubertate,
859 1484 939 1550 inest
954 1486 1094 1552 luxuries
1108 1502 1182 1570 quoe·

63 1597 97 1650 97
124 1588 204 1665 dom,
228 1610 305 1674 quae
327 1590 395 1653 stilo
418 1588 605 1673 deposcenda
628 1598 681 1653 est.
728 1586 780 1651 llic
803 1586 966 1672 Sulpicius,
990 1587 1039 1653 Me
1061 1587 1180 1674 quidem,
1216 1592 1220 1597 '

124 1693 233 1777 inquil,
258 1703 336 1757 recle
359 1712 473 1768 mones,
498 1692 588 1777 idque
611 1691 687 1755 milri
711 1700 831 1776 gratum
854 1702 916 1768 est;
940 1691 994 1756 sed
1018 1712 1058 1757 ne
1081 1702 1109 1757 te
1130 1687 1182 1775 qui-

124 1795 204 1872 dem,
228 1795 348 1871 miloni,
372 1796 503 1859 multum
526 1795 709 1881 scriptitasse
732 1794 872 1858 arbitror.
901 1792 978 1858 Tum
1010 1795 1077 1869 ille,
1104 1791 1180 1877 Quasi

124 1917 206 1972 vero,
232 1895 339 1979 inquit,
363 1916 424 1960 nou
448 1917 481 1961 ea
505 1897 689 1981 praecipium
713 1896 789 1972 aliis,
813 1915 891 1980 quae
909 1895 985 1959 milri
1005 1897 1063 1982 ipsi
1079 1896 1181 1962 desint:
1221 1972 1223 1983 Ι

124 1998 175 2062 sed
200 2008 299 2062 tamen
325 2019 364 2064 ne
380 1999 496 2063 tabulas
515 2000 638 2083 quidem
661 1999 810 2064 conficere
832 1998 1001 2063 existimor.
1027 1998 1141 2064 Verum
1160 2006 1182 2061 et

124 2101 155 2163 in
181 2100 236 2165 lroc
258 2121 294 2165 ex
318 2122 351 2165 re
375 2101 515 2166 lamiliori
541 2122 606 2166 meo
629 2112 659 2165 et
676 2102 706 2165 in
724 2102 776 2165 illo
794 2122 832 2166 ex
848 2121 893 2176 eo,
911 2100 993 2185 quod
1009 2101 1089 2171 dico.
1103 2118 1183 2186 quan·

64 2214 98 2267 98
124 2206 222 2268 tulum
245 2204 276 2267 id
298 2224 427 2289 cumque
443 2215 496 2280 est,
513 2205 586 2289 quid
603 2204 709 2268 faciem
725 2203 849 2269 iudicari
866 2213 973 2288 potest.
1020 2204 1117 2288 Atque
1130 2219 1184 2267 esse

126 2317 227 2372 tarmen
249 2309 361 2372 multos
384 2308 531 2384 videmus,
556 2308 606 2392 qui
625 2307 780 2372 treminem
800 2306 961 2371 imitentur
975 2315 1006 2370 et
1024 2317 1130 2393 suapte
1143 2324 1185 2368 m·

192 2495 244 2538 tin.
259 2494 484 2548 Derrrocltares,
499 2495 622 2548 Atrniese,
637 2498 734 2539 oratore
749 2510 761 2538 e
777 2494 867 2539 storico
878 2493 918 2538 dei
928 2492 984 2538 fatti
995 2489 1187 2549 contemporanei

125 2559 190 2603 della
206 2574 250 2603 sue
265 2560 331 2604 eittlt.
346 2560 407 2605 Mori
423 2562 461 2604 nel
477 2564 517 2605 275
532 2576 553 2605 u.
568 2561 593 2605 (Σ
607 2584 633 2591 -
648 2561 866 2612 Demostheni,
881 2559 1188 2613 gen—Phalereus..-

124 2625 320 2669 Derrietrius.
337 2626 371 2670 Fu
386 2627 508 2671 clrimmtto
524 2628 546 2671 ul
563 2640 670 2680 gorerno
687 2627 710 2670 di
726 2627 804 2671 Ateus
820 2627 852 2671 da
866 2626 1006 2671 Cassandro
1020 2628 1062 2671 nel
1076 2630 1124 2681 318,
1137 2641 1149 2671 e
1162 2624 1187 2668 ds

124 2691 246 2744 principio
262 2692 288 2735 fu
302 2693 387 2737 ultimo
403 2694 615 2738 unrrninistrutore.
630 2693 681 2743 Pol,
696 2693 774 2737 ‹lutosi
791 2693 813 2736 al
830 2694 896 2737 lussc
912 2707 925 2737 e
941 2693 989 2737 alle
1006 2693 1190 2747 intemperans».

124 2756 186 2801 dove
201 2757 306 2810 suggire.
318 2759 335 2801 ll
346 2759 428 2812 ripere
445 2760 467 2803 in
483 2761 572 2813 Egitto,
588 2759 649 2803 dove
665 2760 690 2803 fu
706 2759 767 2802 bene
783 2761 879 2804 uceolto
895 2759 926 2803 de
940 2760 1066 2805 Tolomeo.
1080 2784 1106 2791 -
1119 2759 1189 2804 Ata·

125 2824 357 2870 cairoensem...
378 2825 589 2870 Meneclem...
611 2825 805 2879 Hieroclem,
828 2826 875 2870 due
897 2825 990 2870 oratori
1012 2827 1036 2870 di
1061 2824 1191 2877 Alabanda,

125 2890 182 2942 oggi
196 2891 369 2945 Arub-llismr,
383 2893 442 2937 cittis
457 2893 522 2937 delle
542 2892 622 2943 (lucio,
641 2893 701 2937 mliti
722 2893 751 2935 du
773 2893 879 2937 Antonio
900 2908 912 2937 c
935 2893 967 2938 de
986 2893 1036 2938 Cic..
1055 2894 1190 2946 giovanctto

124 2957 244 3012 (Brutus,
258 2960 286 3008 8).
300 2958 426 3003 Florirono
441 2974 513 3003 verso
528 2961 544 3005 il
562 2963 600 3004 llll
614 2974 635 3003 u.
650 2960 675 3003 (Χ

193 3047 245 3092 ⁰6.
261 3046 383 3092 Hanc...
398 3049 689 3093 similitudirrerrr-:
700 3048 803 3092 Horum
818 3051 870 3092 sint
885 3073 908 3078 -
920 3049 1086 3103 pressior.
1102 3050 1120 3093 ll
1135 3054 1192 3102 port.

121 3127 233 3168 pressus
248 3114 261 3158 e
276 3115 316 3168 qui
333 3119 404 3160 ueruto
419 3129 488 3160 come
503 3130 558 3168 agg,
569 3132 581 3160 e
594 3117 660 3160 vole:
674 3115 801 3167 striugsto.
816 3140 842 3146 —
858 3117 890 3177 tp
904 3115 1013 3159 herbis
1027 3114 1194 3161 -dslterbis

124 3205 150 3210 —
170 3195 249 3236 qrrae
267 3183 346 3226 stilo
366 3183 568 3236 depascenda
587 3186 633 3226 est
652 3203 678 3215 =-
697 3182 741 3226 che
757 3183 776 3225 si
798 3181 921 3226 dovrebbc
939 3180 1047 3233 tagliure
1062 3183 1126 3227 eollo
1141 3179 1191 3226 stilo

125 3249 198 3297 [collo
214 3250 293 3303 fuleo),
307 3250 373 3294 detto
383 3249 571 3302 ligumtnmcntr
587 3263 631 3303 prr
646 3249 784 3292 ‹turicellnrr
800 3249 832 3301 gli
849 3247 977 3292 umbiziosi
992 3249 1130 3294 ornamenti
1145 3262 1157 3291 e
1171 3246 1192 3289 la

125 3315 274 3360 rirlondonzu
289 3317 312 3360 di
328 3317 413 3370 percle
428 3318 563 3365 (luxuries,
576 3316 599 3359 in
615 3329 687 3359 senso
702 3316 821 3365 trosleio).

192 3404 245 3447 97.
260 3405 470 3448 te...mullurn
491 3404 737 3457 scriptitasse-
751 3402 839 3446 ossorti
854 3402 986 3446 osrrrituto
1001 3402 1026 3446 di
1041 3403 1116 3447 molto
1131 3400 1191 3445 nello

125 3469 239 3512 scrivere.
254 3493 278 3499 -
292 3471 344 3513 sed.
355 3470 401 3513 Por
412 3470 538 3513 intendere
549 3470 664 3522 eppleno,
673 3469 790 3521 arpinum
804 3470 989 3514 rnrmtnlmente:
999 3471 1121 3523 oenotris
1131 3466 1192 3512 milti

126 3546 177 3576 riori
187 3535 278 3578 desint.
288 3560 313 3565 —
328 3537 496 3582 tabulas...
510 3537 668 3589 conficere
683 3555 709 3568 ι-
724 3535 816 3579 sorivcr
827 3536 883 3579 lilrri
894 3536 917 3579 ili
929 3536 1002 3579 conti.
1013 3536 1032 3578 Il
1044 3548 1116 3579 senso
1127 3534 1150 3579 e:
1166 3548 1190 3575 se

126 3611 172 3643 non
183 3600 215 3643 mi
230 3614 289 3644 sono
304 3601 435 3645 esercitoto
451 3603 524 3646 molto
540 3602 604 3646 nollo
619 3603 734 3651 scrivere,
749 3616 796 3646 nou
807 3616 866 3646 sono
877 3602 983 3646 tuttuvis
993 3601 1045 3646 cosi
1055 3604 1189 3645 trescursto

125 3665 149 3708 in
160 3666 261 3719 esso,de
276 3680 322 3710 non
338 3673 421 3712 tenere
437 3669 460 3712 in
476 3668 560 3719 reicola
571 3669 576 3712 i
588 3668 687 3721 registri
702 3669 741 3712 del
758 3669 816 3713 dure
833 3684 845 3712 e
861 3669 1037 3713 ilell'overo.—
1052 3669 1083 3712 iri
1105 3669 1192 3712 licc-

127 3732 262 3776 turabulis
273 3734 516 3789 bertecoriflciendis.
532 3733 596 3779 eloi:
611 3734 631 3778 si
648 3733 697 3788 pult
714 3734 789 3779 seder
799 3735 861 3779 bene
877 3735 943 3780 ‹lullo
958 3737 1023 3778 stato
1039 3733 1078 3777 dol
1095 3732 1142 3778 mio
1151 3744 1192 3785 pe·

126 3797 246 3851 trimonio,
256 3813 282 3842 se
293 3812 319 3843 so
331 3804 413 3844 tenero
425 3800 431 3844 i
442 3801 498 3845 libri
509 3801 547 3845 dei
559 3800 631 3845 conti.
646 3824 671 3831 —
687 3802 719 3845 ire
737 3802 797 3846 illo
811 3823 838 3836 =
852 3805 945 3855 quanto
959 3799 1119 3844 all'esercizio
1130 3795 1190 3842 dello

122 3863 237 3908 serii-ere,
257 3888 283 3896 -
297 3869 494 3921 ostentorum
514 3868 544 3911 id
563 3880 704 3922 errorque,
719 3867 789 3912 tmesi
799 3881 859 3922 per:
874 3867 902 3911 id
918 3865 1190 3921 otiosissimorumque.
