2526 4246
131 111 181 165 aot
499 125 531 164 u.
552 124 656 165 runnu
676 123 838 166 crcnnours
860 94 864 104 ’

130 230 252 296 dentiae
273 230 364 296 ludus
386 240 478 306 esset,
501 229 607 314 putari
636 249 702 295 esse
730 229 864 296 censoris
887 249 928 296 ue
950 231 1068 318 lougius
1087 229 1113 295 id
1129 249 1174 294 ser-

69 354 103 405 uo
130 345 217 421 peret
238 332 411 420 providere.
458 331 650 417 Quamquam
673 352 736 397 nou
760 334 834 398 haec
855 331 899 399 ita
922 343 1021 400 statuo
1043 343 1123 420 atque
1140 331 1175 396 de·

129 457 231 512 cerno,
254 446 288 502 ut
309 436 471 521 desperem
493 433 599 500 Latine
620 455 666 512 ea,
684 434 722 500 de
740 434 851 520 quibus
874 435 1104 523 disputavimus,
1117 434 1176 500 tradi

129 561 163 606 ac
184 537 346 626 perpoliri;
370 537 485 623 patitur
507 535 591 601 enim
614 546 644 602 et
667 537 770 624 lingua
786 548 893 604 nostra
916 548 948 604 et
970 550 1075 606 natura
1095 557 1177 603 rernm

128 654 265 709 retorem
288 642 372 706 illaru
394 641 656 723 excellentemque
677 639 876 726 prudentiam
899 640 1083 708 Graecorum
1096 641 1129 706 ad
1142 660 1177 704 no

128 756 226 811 strum
248 765 337 810 usum
360 762 540 826 moremque
562 741 741 821 transferri3
769 742 822 808 sed
851 743 1033 811 hominibus
1057 765 1126 830 opus
1148 753 1178 808 est

127 847 264 923 errulitis,
281 846 332 931 qui
348 845 447 911 adbuc
462 843 494 908 in
512 844 568 908 boo
583 843 710 929 quidem
723 864 835 932 genere
851 847 952 911 nostri
968 847 1046 913 nulli
1061 847 1178 913 luerunt:

128 952 175 1015 sin
199 949 321 1034 quaudo
343 947 524 1021 exstiterint,
548 946 640 1012 etiam
663 944 784 1013 Graecis
805 959 899 1014 eruut
920 949 1131 1036 anteponendi.

66 1072 101 1125 96
172 1053 280 1118 XXl'.
315 1049 452 1115 Ornatur
476 1049 568 1135 igitur
590 1050 687 1115 oratio
709 1070 822 1137 genere
843 1051 985 1136 primum
1007 1063 1038 1119 et
1052 1053 1130 1138 quasi
1149 1072 1178 1116 co

128 1157 192 1220 lore
215 1154 346 1241 quodam
369 1163 399 1218 et
421 1173 491 1218 suco
514 1172 577 1217 suo.
601 1151 687 1229 Nam,
709 1163 744 1218 ut
764 1152 876 1239 gravis,
900 1164 935 1220 ut
958 1157 1069 1233 suavis,
1084 1165 1178 1222 utern-

126 1257 189 1323 dita
212 1257 259 1334 sit,
283 1267 316 1322 ut
338 1255 484 1330 liberalis,
507 1264 541 1319 ut
562 1254 763 1333 admirabilis,
786 1265 821 1322 ut
842 1257 949 1342 polita,
973 1269 1008 1325 ut
1030 1280 1139 1334 sensus,
1159 1278 1178 1322 u

125 1360 240 1426 doloris
263 1359 373 1424 babeat
394 1367 543 1443 quautam
566 1377 643 1443 opus
665 1357 713 1434 sit,
731 1378 790 1422 non
816 1368 861 1424 est
884 1359 1078 1447 singulorum
1095 1360 1176 1426 artico

126 1466 242 1539 lorum;
266 1462 297 1526 iu
322 1470 382 1526 toto
405 1469 578 1545 spectantur
603 1460 676 1524 baec
697 1479 832 1546 corpore.
856 1458 895 1528 Ut
921 1483 1016 1548 porro
1041 1483 1177 1548 oouspere

125 1566 164 1629 sit
186 1564 270 1650 quasi
293 1564 459 1628 verborum
486 1561 770 1647 sententiarumque
797 1563 941 1641 floribus,
966 1564 997 1629 id
1027 1586 1088 1630 non
1110 1565 1176 1631 debe

31 1680 34 1686 '
125 1689 190 1733 esse
214 1669 313 1732 lusum
336 1664 537 1750 aequabiliter
559 1685 614 1749 per
630 1684 754 1730 omnem
769 1665 951 1744 orationem,
968 1668 1021 1733 sed
1037 1668 1077 1733 ita
1095 1667 1176 1733 distin

125 1782 216 1844 ctum,
239 1781 272 1835 ut
294 1768 355 1832 siut
377 1768 463 1853 quasi
486 1768 516 1830 iu
540 1776 650 1832 ornatu
673 1766 818 1852 disposita
841 1768 994 1855 quaedam
1017 1771 1176 1857 insigniar

64 1891 98 1943 97
125 1873 251 1937 luurina.
296 1871 398 1935 Genus
420 1870 512 1955 igitur
534 1868 653 1933 dicendi
677 1879 723 1934 est
744 1871 931 1957 eligendum,
958 1873 1040 1958 quod
1065 1873 1175 1938 marini

124 1984 226 2056 teneat
248 1995 308 2050 eos,
331 1973 383 2058 qui
399 1970 533 2048 audiant,
549 1981 579 2037 et
594 1971 675 2056 quod
691 1992 753 2038 non
770 1975 869 2039 solum
884 1973 1023 2053 delectet,
1038 1975 1091 2042 sed
1107 1975 1174 2042 etiau

125 2078 191 2144 siue
213 2078 348 2143 satietate
370 2076 510 2152 delectet;
536 2093 597 2139 uon
621 2074 705 2140 euim
729 2096 746 2139 a
768 2095 818 2140 me
840 2075 901 2140 iam
924 2077 1093 2163 exspectari
1113 2087 1173 2164 pute

124 2190 157 2244 ut
179 2199 331 2254 moneam,
354 2187 388 2243 ut
409 2177 548 2251 caveatis,
565 2197 604 2240 ne
619 2175 718 2252 exilis,
736 2196 775 2242 ue
790 2177 905 2251 inculta
920 2177 960 2242 sit
973 2188 1076 2244 vestra
1090 2178 1172 2244 oratic

125 2302 164 2346 ue
186 2281 330 2365 uulgaris,
353 2301 392 2345 ue
416 2280 566 2357 obsoleta;
589 2278 673 2343 aliud
690 2279 834 2364 quiddam
850 2280 951 2346 maius
966 2291 996 2345 et
1011 2280 1133 2368 ingenia
1146 2301 1170 2344 m

63 2397 97 2449 98
126 2386 287 2450 hortantur
309 2393 408 2448 vestra
425 2393 455 2448 et
469 2391 590 2447 aetates.
618 2413 621 2418 ·
635 2381 765 2448 Difficile
781 2381 864 2448 euim
879 2381 962 2449 dictu
976 2394 1031 2461 est,
1047 2404 1168 2469 quaeuar

123 2509 210 2553 causa
236 2488 282 2563 sit,
305 2507 359 2551 cur
381 2508 425 2563 ea,
450 2505 527 2570 quae
549 2481 682 2549 maxime
701 2504 807 2550 sensus
829 2492 950 2567 nostros
969 2484 1134 2572 impellunt
1147 2506 1169 2548 u

124 2592 240 2676 luptate
263 2599 292 2654 et
314 2590 413 2674 specie
428 2588 528 2674 prima
547 2586 694 2651 acerrime
710 2597 912 2664 commovent,
928 2580 1020 2654 abiis
1038 2589 1167 2655 celerrim

124 2758 185 2811 sira,
202 2770 269 2802 eome
285 2756 494 2802 desumesioncho
509 2752 709 2808 delpreoedeute
724 2755 847 2799 ettamu-
862 2754 993 2809 loupiac
1007 2757 1041 2800 id
1054 2767 1165 2811 serperr

123 2843 149 2860 =
160 2826 248 2877 questo
263 2821 327 2867 malo
341 2827 440 2876 (questo
454 2822 506 2867 loro
522 2821 607 2865 scuolo
621 2819 800 2873 d'impudeuze)
815 2833 949 2866 oreseesse.

191 2894 243 2938 95.
263 2892 460 2947 Quamquam
475 2891 518 2945 qui
540 2889 745 2935 eoorreetioum.
765 2912 792 2921 —-
806 2893 917 2935 statuo
939 2895 1036 2946 atque
1058 2893 1158 2938 decern

123 2959 250 3005 stabilisoo
261 2971 330 3003 come
340 2973 467 3004 norma.—
479 2958 569 3002 tradi
583 2969 617 3001 ao
628 2957 808 3011 perpoliri,
821 2960 877 3001 soti,
887 2970 974 3012 pocae.
987 2982 1014 2989 -
1025 2961 1158 3014 patitur.

123 3026 308 3081 transferri
327 3043 354 3062 =
373 3025 406 3071 ha
421 3029 483 3070 tutte
504 3025 527 3069 le
547 3022 650 3078 qualitb.
667 3022 758 3077 perche
780 3024 817 3068 sio
838 3023 1009 3075 uooomutnata,
1024 3037 1074 3069 eoo.
1087 3047 1113 3056 -
1124 3036 1157 3078 pr

123 3094 266 3139 dentiam
288 3114 314 3127 =
335 3093 459 3146 sapienia.
480 3116 507 3122 -
528 3092 583 3146 qui
605 3091 745 3136 adhue...
775 3089 824 3144 Qui
843 3089 876 3134 he
897 3088 915 3133 il
937 3090 1024 3135 volone
1046 3090 1071 3135 di
1092 3089 1162 3146 quale

123 3166 210 3210 adhue
223 3165 290 3209 rale:
306 3166 341 3208 ad
354 3165 401 3209 hoe
416 3167 526 3217 tempus.

165 3250 239 3302 cap.
254 3248 356 3292 XXV.
376 3271 402 3278 —
422 3248 475 3290 96.
497 3257 619 3299 parcere,
635 3243 651 3287 il
669 3246 791 3288 carattere
808 3243 832 3287 in
849 3243 1160 3297 generalqinoontroppos

122 3328 168 3360 oon
184 3316 311 3359 l’oruatua
326 3313 493 3367 scopulorum
514 3311 703 3363 articulorum;
717 3308 759 3353 cfr.
775 3311 814 3354 103
829 3308 924 3364 (Sorotl.
937 3331 964 3340 —
982 3322 1044 3354 uou
1065 3313 1111 3354 eet
1129 3307 1160 3352 sir

122 3383 275 3436 aularum
297 3380 517 3424 articulorum
537 3395 563 3412 =
583 3389 631 3420 non
654 3374 667 3419 ὲ
689 3374 745 3419 dote
768 3373 832 3418 delle
846 3369 992 3428 p'ortioolori
1014 3388 1058 3421 suo
1079 3373 1160 3420 membr

122 3447 188 3491 Noto
203 3446 247 3490 ohe
263 3445 306 3498 qui
320 3445 421 3488 l'oratio
436 3443 449 3487 d
464 3442 624 3495 immogineta
639 3453 707 3485 come
723 3453 841 3495 persona3
855 3440 919 3486 onde
935 3441 1001 3486 della
1015 3439 1159 3496 personabo

122 3514 192 3557 color
207 3525 220 3556 e
235 3512 258 3555 le
272 3511 398 3563 membra,
412 3523 425 3553 e
440 3513 527 3563 queste
543 3508 577 3562 gli
600 3508 715 3552 articuli.
729 3529 756 3538 —
777 3507 998 3561 aequabiliter
1019 3525 1045 3544 =
1063 3507 1159 3553 uniform

122 3583 209 3623 mente.
229 3600 256 3608 ——
278 3577 482 3629 distinctum,
504 3588 590 3628 sparso
611 3587 661 3627 qno
676 3587 689 3618 e
705 3574 735 3619 lb.
756 3597 782 3604 -
802 3574 952 3628 iueiaaia
972 3578 1001 3619 et
1023 3574 1142 3619 lumina

121 3642 185 3695 fregi
200 3655 214 3686 e
228 3642 308 3687 risalti
323 3641 432 3686 notevoli
447 3654 460 3685 e
475 3641 597 3685 luminosi.

188 3712 241 3755 97.
255 3711 347 3757 aliud
368 3711 523 3765 quiddam
540 3711 658 3755 maius.
676 3709 726 3753 Clr.
741 3709 759 3764 Ι,
774 3711 810 3754 16;
830 3709 920 3754 maius
940 3713 979 3754 eet
997 3710 1044 3754 hoo
1057 3706 1157 3763 quidda

119 3803 147 3810 -
159 3779 348 3823 hortaretur.
361 3776 442 3821 Notisi
456 3778 547 3821 hortor
561 3777 599 3820 col
617 3774 708 3829 doppio
726 3788 807 3819 accus.
822 3775 846 3819 di
860 3787 966 3829 persono
984 3789 996 3819 e
1012 3775 1110 3826 diense,

182 3851 232 3895 98,
257 3848 315 3895 cur
337 3862 410 3898 aa...
433 3849 470 3894 ab
492 3848 547 3893 iis.
565 3845 646 3891 betisi
666 3846 890 3892 nuueolutozea...
909 3846 942 3891 ab
956 3847 998 3891 iia.
1017 3867 1043 3877 -
1068 3844 1157 3900 Quam
