2526 4246
91 117 143 171 ‘258
253 134 350 174 Bitnvl
362 133 441 175 NOTE
454 131 601 176 CRITICHE
613 135 669 176 sm>
680 134 773 177 Tnsro
785 136 848 176 DEL
860 136 958 178 manto
970 138 1009 177 111

127 243 144 304 5
162 239 203 295 47.
226 241 295 294 Tam
312 240 367 305 itte,
387 239 462 309 Quid
479 241 551 309 quod
575 242 707 296 orooott...
732 241 821 310 Segne
847 242 876 296 la
898 243 1005 298 lenione
1026 242 1069 298 del
1084 241 1144 297 Bake

93 341 108 380 e
127 326 171 379 del
190 325 271 379 Sorof
286 340 361 379 corne
380 326 472 390 quella
490 327 541 380 che
559 327 607 392 pin
625 327 648 381 si
667 327 792 382 arvicina
808 327 865 382 alla
884 328 990 383 lenione
1008 328 1048 383 de'
1067 343 1146 382 mano-

91 412 180 466 scritti
197 413 265 464 Tam
283 412 330 464 itte
347 416 406 464 tom
423 412 496 479 qood
515 413 627 468 rooooa't.
646 413 686 466 La
701 413 805 468 lenione
819 412 864 468 del
876 413 1018 482 lambino,
1037 415 1078 468 To
1091 428 1146 477 otro,

89 497 182 565 iacuit
201 498 257 564 ote,
274 497 405 565 qoooiom
429 498 545 565 moooit,
568 515 622 552 non
646 500 787 564 sappiamo
806 499 871 564 qual
889 498 1062 555 fondamento
1081 499 1146 554 abbia

91 585 134 637 ne'
148 581 242 638 codici.
779 655 781 660 1

125 672 142 733 5
159 667 201 723 49,
215 668 379 736 perturbato
397 668 500 734 ordior,
519 684 600 722 enon
615 670 786 739 conturbato
801 671 903 734 perche
916 670 1043 736 quellae
1059 670 1147 724 iarocc

91 755 210 821 propria,
228 769 303 808 corne
322 753 414 807 vedesi
432 754 520 807 anche
534 753 569 807 da
580 756 622 807 ito
633 755 741 820 (oratio)
749 756 916 823 perturbato
934 755 981 810 del
998 754 1146 825 §seguente¹

125 843 143 904 5
161 839 202 894 54.
221 846 360 893 oratorum
377 840 431 892 cim
450 840 491 893 coi
509 839 585 893 codd.
599 856 613 894 e
625 840 668 894 eol
679 839 800 908 Piderit3
817 840 934 896 laddovo
952 843 1044 909 Bake,
1060 840 1147 909 segnito

91 926 135 981 dal
154 926 261 990 Kayser
279 941 294 979 e
313 924 357 978 dal
376 923 462 992 Sorof,
480 925 517 978 ha
535 926 684 978 oratoriam
703 927 765 980 eim.

124 1014 142 1074 5
159 1009 201 1063 78.
219 1010 252 1064 de
269 1011 369 1063 oirtote
386 1010 527 1064 horoc'oom
537 1008 672 1078 [Stoioil...
682 1011 763 1080 leggo
775 1011 818 1065 col
830 1011 917 1076 Sorof,
929 1012 950 1065 il
962 1012 1043 1078 quale
1052 1011 1146 1067 afferma

90 1097 141 1151 che
160 1102 257 1160 questa
272 1095 322 1149 lez.
342 1096 356 1148 ὸ
376 1095 492 1149 secondo
503 1095 529 1149 le
541 1101 639 1149 tracoe·
651 1095 693 1150 de’
706 1097 947 1163 manoscritti,.ne'
961 1098 1036 1162 quali
1048 1097 1062 1152 e
1073 1098 1092 1150 il
1102 1095 1147 1150 solo

90 1181 218 1249 genitivo.
230 1181 253 1233 Il
264 1180 379 1245 Kayser,
392 1181 497 1248 seguito
510 1180 555 1233 dal
569 1180 653 1246 Cinna,
665 1181 744 1247 legge
760 1181 793 1234 de
803 1182 904 1235 virtute
912 1179 1049 1250 [homines
1059 1177 1147 1247 ctae]

90 1267 145 1321 Ora
162 1268 191 1320 in
208 1273 306 1331 questa
323 1266 428 1320 lenione
446 1283 499 1320 non
524 1267 703 1331 apparirebbe
729 1273 814 1330 punto
831 1267 852 1320 il
870 1268 992 1335 genitivo
1016 1267 1058 1322 de’
1069 1281 1148 1320 mano·

89 1353 186 1419 scritti,
204 1368 285 1407 senza
303 1352 361 1406 dire
386 1353 437 1405 che
462 1367 515 1405 non
533 1352 620 1416 parmi
643 1353 684 1405 sia
703 1352 748 1405 nel
767 1352 800 1406 de
818 1358 926 1406 oratore
952 1353 1025 1408 altro
1044 1351 1147 1416 esempio

87 1439 252 1493 dell’unione
270 1438 391 1505 homines
408 1436 502 1491 Stoici.

123 1528 140 1588 5
157 1523 198 1578 81.
216 1540 294 1577 acmo
317 1529 457 1577 oratorum
480 1524 595 1576 istorum
621 1524 636 1576 e
661 1522 702 1577 de’
717 1521 803 1589 codd,
827 1522 943 1578 laddove
962 1525 983 1578 il
1001 1523 1102 1578 Piderit
1119 1523 1147 1575 ha

86 1612 232 1666 rhetorum.

121 1699 138 1759 5
156 1694 198 1749 87.
216 1694 405 1762 philosophiae
422 1710 483 1747 com
501 1710 611 1761 operam
629 1693 716 1760 daret,
728 1695 757 1747 in
769 1695 874 1748 cambio
892 1693 921 1748 di
935 1695 1097 1763 philosopho
1112 1692 1148 1746 dei

89 1781 182 1837 codici.
202 1782 390 1835 Giustamente
412 1781 435 1832 si
456 1779 589 1834 domanda
613 1779 632 1832 il
659 1779 803 1834 Friedrich
828 1781 880 1846 (op.
899 1781 956 1845 cit,
974 1796 1035 1848 pag.
1052 1778 1093 1846 49)
1112 1779 1147 1833 chi

87 1866 159 1920 fosse
178 1866 241 1930 quel
259 1864 372 1918 filosofo.
390 1865 423 1931 E,
443 1865 517 1919 detto
535 1865 586 1919 ohe
604 1864 730 1931 Panezio,
742 1871 806 1918 nota
824 1865 875 1918 che
893 1866 929 1919 ne
946 1865 1064 1920 Panezio
1082 1862 1148 1919 erail

87 1953 173 2016 primo
192 1951 233 2005 de'
246 1950 343 2005 filosofi
361 1950 388 2003 di
407 1951 470 2015 quel
489 1958 588 2017 tempo,
606 1951 640 2004 nd
659 1950 722 2017 Cic,
740 1966 769 2004 se
787 1966 882 2005 avesse
900 1952 994 2006 voluto
1011 1963 1148 2006 accennare

87 2039 167 2104 alni,
185 2038 212 2091 10
231 2038 348 2091 avrebbe
367 2036 508 2103 designato
525 2036 567 2090 col
585 2053 664 2090 nome
682 2037 809 2103 generice
827 2035 855 2090 di
873 2035 990 2092 filosoio.

120 2131 137 2188 5
154 2122 196 2178 92.
214 2140 271 2177 ooo
288 2123 373 2175 oculto
391 2128 431 2175 est
448 2123 547 2175 motos.
567 2122 613 2176 Sto
626 2121 669 2175 col
683 2122 825 2189 Lambino‚
843 2139 858 2176 e
875 2124 992 2189 noncoi
1009 2121 1146 2189 codd.,ehe

86 2212 176 2265 hanno
194 2211 318 2263 crottam.
337 2208 405 2261 Dice
424 2208 443 2260 il
463 2207 543 2261 Sorof
558 2209 608 2261 che
619 2208 691 2262 forse
706 2207 760 2262 Cic.
780 2223 829 2261 usa
841 2207 961 2262 scitante
979 2208 1026 2273 qui
1043 2207 1146 2262 Paccio

83 2298 164 2363 luogo
182 2295 300 2350 dell'abl.
320 2295 347 2347 di
365 2295 466 2365 misnia
484 2294 525 2347 001
544 2294 736 2358 comparativo.
758 2294 806 2347 Ma
823 2294 935 2362 perche,
954 2310 971 2348 a
988 2293 1145 2363 giustificata

82 2384 91 2435 i
109 2381 203 2448 codici,
221 2381 374 2434 dovrernmo
400 2386 560 2432 ammettere
584 2380 753 2444 quest’unioo
776 2379 917 2444 esempio?
941 2379 1004 2434 Non
1023 2381 1038 2434 e
1056 2379 1143 2447 meglio

81 2482 210 2533 supporre
228 2483 283 2521 una
301 2466 466 2530 corruzione,
483 2464 528 2518 del
546 2471 619 2519 resto
638 2481 690 2519 non
709 2464 827 2531 insolita,
839 2464 881 2519 de’
895 2465 993 2533 codici,
1012 2482 1027 2520 e
1046 2465 1142 2533 segnire

83 2555 125 2608 col
142 2554 274 2606 Lambino
292 2553 360 2605 l'uso
378 2550 492 2604 classico
510 2551 558 2616 pin
576 2551 710 2604 comune?

116 2641 134 2701 5
151 2637 191 2690 95.
210 2638 286 2690 tradi
303 2653 336 2689 00
349 2637 490 2703 perpotiri.
510 2637 523 2688 I
540 2633 617 2689 codd:
629 2653 684 2689 non
695 2636 786 2689 hanno
802 2651 890 2703 posse,
908 2637 960 2690 che
979 2637 1090 2703 Pearce,
1106 2648 1139 2688 se·

82 2726 157 2791 guito
175 2722 220 2775 dal
239 2723 353 2788 Kayser,
372 2721 417 2776 dal
435 2721 517 2776 Sorof
531 2738 546 2775 e
564 2720 609 2775 dal
628 2721 712 2789 Cima,
731 2722 759 2775 sa
777 2722 884 2789 seguine
903 2724 1078 2791 sparpalia.

115 2806 209 2871 5103.
228 2808 317 2875 quivis
339 2808 540 2875 vitiosissimos,
564 2808 679 2861 secondo
702 2808 712 2859 i
730 2808 783 2877 lgg.
799 2807 847 2861 Gli
871 2807 937 2862 altri
959 2808 1047 2864 codici
1064 2810 1140 2862 hanno

80 2895 213 2963 qrromois.
231 2894 287 2959 Ma,
306 2909 355 2957 per
371 2892 538 2961 giustificare
558 2901 654 2957 questa
672 2893 787 2959 lenione,
804 2893 918 2960 bisogna
935 2895 982 2958 poi
1004 2894 1064 2949 dire
1080 2905 1141 2948 esser

81 2988 176 3046 questo
194 2979 293 3033 l’unico
312 2979 431 3043 esempio
444 2979 472 3030 in
486 2979 539 3032 Cic.
558 2978 585 3031 di
603 2979 728 3045 qooroois
746 2979 787 3033 col
805 2979 983 3043 superlativo.
1001 2979 1040 3035 Or
1054 2976 1140 3046 percit

80 3068 212 3121 ricorrere
231 3082 247 3119 a
265 3071 361 3130 questo
380 3064 490 3116 mezzo?

114 3155 131 3215 5
151 3151 207 3204 107.
226 3151 335 3205 dicendi
352 3150 460 3202 ootmos
478 3154 503 3201 et
519 3148 573 3202 cim
592 3149 606 3202 e
625 3149 653 3201 la
672 3149 722 3202 lez.
740 3147 782 3204 de'
795 3147 871 3202 codd.
890 3147 974 3204 Sorof
991 3151 1030 3206 ha
1046 3146 1140 3205 (1000011

78 3255 129 3291 oros
147 3244 172 3290 et
189 3239 252 3303 otor,
270 3236 346 3290 Cinna
364 3235 474 3287 dicendi
491 3234 574 3287 etiam
591 3250 642 3287 ooo
661 3240 685 3286 et
702 3235 764 3288 ciro.

112 3328 130 3386 5
151 3322 205 3377 129.
223 3328 361 3376 revocator
379 3321 419 3374 coi
437 3320 515 3374 codd.
530 3320 600 3386 A,E
621 3336 635 3373 e
654 3321 696 3374 ool
716 3319 805 3374 Klotz.
824 3319 864 3373 La
881 3319 988 3376 lenione
1006 3316 1139 3391 deglialtri

77 3408 154 3462 codd.
172 3413 323 3466 vocor-otor,
342 3407 448 3472 seguita
467 3405 512 3458 dal
531 3405 612 3459 Soros
633 3422 647 3458 e
672 3405 718 3458 dal
736 3405 849 3472 Piderit,
873 3422 929 3461 non
952 3409 1081 3463 conviene
1099 3419 1140 3459 con

79 3496 220 3559 profitetur
232 3494 282 3546 ohe
302 3507 384 3557 segue
403 3507 417 3544 e
431 3493 490 3556 ohe,
503 3507 577 3545 come
591 3492 660 3545 bene
675 3493 784 3546 osservd
802 3491 821 3544 il
840 3491 924 3559 Cima,
937 3509 992 3548 non
1004 3496 1057 3560 pud
1069 3506 1139 3558 pren·

78 3579 151 3631 dersi
170 3594 218 3641 per
237 3594 273 3631 un
291 3584 418 3640 presente
437 3578 545 3630 storioo.

113 3668 130 3725 5
151 3661 206 3716 137.
219 3679 285 3715 nom
297 3667 328 3714 ot
342 3662 456 3714 ot'rtotes
468 3679 486 3714 o
501 3663 611 3728 nostris,
623 3663 662 3716 sic
676 3663 817 3716 doetrinae
828 3668 896 3716 suot
907 3663 943 3717 ab
957 3664 1017 3719 iltis
1024 3661 1141 3734 petaao.

19 3745 22 3752 ’
77 3749 106 3801 in
124 3747 229 3801 cambio
247 3746 321 3800 della
339 3746 389 3799 loz.
408 3763 474 3799 0000
491 3753 523 3799 ot
540 3748 652 3800 virtutis
664 3765 682 3800 o
695 3749 805 3814 nostris,
822 3748 862 3801 stc
880 3747 1023 3804 doetrinae
1039 3746 1141 3805 contat

63 3834 126 3889 dos
144 3834 273 3905 earrnplo
287 3831 418 3905 petendo.
436 3832 512 3887 Nota
527 3832 550 3885 ii
566 3832 709 3887 Friedrich
720 3834 773 3899 (op.
786 3834 840 3899 cit,
852 3849 913 3901 pag.
928 3833 973 3901 50)
989 3836 1041 3891 ohe
1052 3836 1062 3890 i
1073 3831 1141 3891 codd.
