2558 4236
162 162 213 216 ‘206
555 176 587 215 m.
607 176 711 215 auran
730 175 894 218 cronaoeus

163 281 338 347 obscenitas.
365 281 476 347 Orator
501 281 650 367 subripiat
676 292 795 368 oportet
821 282 1036 361 imitationem,
1063 294 1100 349 ut
1125 283 1226 368 isqui

162 383 274 461 audiet,
290 384 397 471 cogitet
411 386 514 471 plura,
527 405 619 469 ιῃιιιιιι
635 385 752 464 videat3
769 395 903 471 praestat
918 384 1001 451 idem
1015 385 1226 473 ingenuitatem

163 496 193 551 et
208 485 351 552 ruborem
374 507 472 563 suum,
496 486 662 552 verborum
678 487 870 573 turpitudine
884 497 915 553 et
930 507 1038 553 rerum
1055 487 1227 554 obscenitate

163 588 297 653 vitanda.

85 719 138 773 243
206 690 280 757 LX.
307 689 381 777 Ergo
404 690 478 756 baec
499 690 559 757 duo
580 711 693 777 genera
715 702 786 757 sunt
808 691 873 757 eius
896 691 1028 768 ridiculi,
1053 692 1137 779 quod
1159 693 1188 757 in
1203 712 1227 757 re

163 793 295 879 positum
318 803 380 870 est;
408 813 486 878 quae
508 803 580 859 sunt
602 794 727 879 propria
749 804 970 880 perpetuarum
993 794 1183 871 facetiarum,
1202 794 1226 860 in

164 895 275 980 quibus
296 895 510 961 describuntur
526 895 688 961 bominum
704 916 805 962 mores
819 907 850 962 et
865 896 905 961 ita
921 896 1125 983 effinguntur,
1142 910 1175 964 nt
1187 908 1228 963 aut

164 1017 197 1062 re
220 1008 343 1063 narrata
364 998 465 1083 aliqua
488 1000 594 1083 quales
608 999 669 1063 sint
685 998 903 1085 intellegantur
918 1009 970 1065 aut
987 999 1161 1067 imitatione
1175 1001 1228 1066 bre

164 1099 243 1164 riter
266 1100 373 1166 iniecta
396 1100 428 1164 in
450 1100 553 1186 aliquo
576 1100 688 1186 insigni
711 1100 749 1165 ad
773 1100 965 1168 irridendum
988 1103 1066 1168 sitio
1086 1103 1229 1189 reperiam·

85 1230 136 1283 244
164 1214 222 1266 tur.
269 1202 302 1267 ln
324 1202 402 1268 dicto
425 1215 527 1269 autem
550 1203 714 1269 ridiculum
736 1215 782 1268 est
807 1204 854 1281 id,
884 1204 966 1289 quod
988 1205 1077 1271 verbi
1101 1217 1155 1272 aut
1176 1226 1229 1271 sen·

165 1304 277 1370 tentiae
299 1304 431 1391 quodam
454 1306 593 1372 acumine
615 1317 765 1372 movetur.
790 1306 866 1385 Sed,
890 1319 925 1373 ut
946 1307 979 1371 im
1003 1307 1059 1373 illo
1082 1308 1229 1394 superiore

162 1426 274 1493 genere
297 1410 345 1473 vel
369 1408 552 1473 narrationis
575 1410 624 1474 vel
648 1408 826 1473 imitationis
848 1409 973 1475 vitanda
998 1421 1045 1475 est
1071 1411 1228 1477 mimorum

162 1510 374 1597 ethologorum
397 1510 578 1584 similitudo,
606 1511 647 1576 sic
670 1511 701 1575 in
727 1512 782 1576 boc
803 1513 940 1578 scurrilis
961 1513 1077 1577 oratori
1099 1513 1230 1579 dicacitas

162 1633 273 1699 magno
296 1633 389 1698 opere
412 1612 552 1699 fugienda
576 1623 629 1678 est.
655 1613 710 1696 Qui
736 1612 828 1700 igitur
849 1614 1075 1702 distinguemus
1089 1636 1107 1680 a
1123 1614 1230 1690 Crasso,

151 1726 179 1778 ‘a
204 1713 319 1790 Catulo,
342 1736 358 1779 a
381 1715 488 1781 ceteris
511 1715 693 1781 familiarem
715 1725 852 1782 vestrum
875 1714 1022 1783 Granium
1047 1726 1101 1783 aut
1128 1716 1231 1804 Vargu·
1263 1678 1269 1787 i

166 1819 237 1891 lam,
261 1817 391 1882 amicum
408 1823 530 1883 meurm?
545 1816 609 1882 Non
627 1817 802 1900 mehercule
817 1818 850 1883 in
867 1829 1002 1884 mentem
1016 1819 1096 1884 milri
1114 1819 1232 1905 quidem

165 1914 263 1978 venit:
288 1925 358 1980 sunt
380 1915 463 1980 enim
482 1916 609 1994 dicaces3
634 1914 747 1980 Granio
763 1915 886 2000 quidem
902 1936 994 1983 nemo
1008 1916 1152 1983 dicacior.
1172 1917 1232 1993 llos,

165 2016 283 2101 opinor,
306 2017 452 2102 primum,
469 2038 517 2095 ne,
534 2019 803 2104 quotienscumque
818 2019 952 2104 potuerit
966 2019 1083 2085 dictum
1101 2020 1174 2099 dici,
1191 2040 1235 2085 ne·

86 2146 138 2201 245
164 2139 245 2185 cesse
257 2119 423 2186 babeamus
438 2119 547 2186 dicere.
587 2120 717 2187 Pusillus
731 2121 816 2186 testis
831 2122 984 2206 processit.
1001 2121 1111 2200 Licet,
1129 2123 1234 2209 inquit.

166 2228 312 2307 rogare?
336 2222 505 2309 Philippus.
528 2222 605 2288 Tum
622 2222 774 2309 quaesitor
788 2243 972 2309 properans:
996 2222 1098 2290 blodo
1123 2224 1236 2291 breri-

165 2336 229 2389 ler.
255 2323 307 2390 llic
329 2325 393 2389 ille:
424 2353 437 2381 «
460 2324 524 2390 Non
547 2325 707 2391 accusabis.
735 2324 939 2410 Perpusillum
961 2326 1075 2413 rogabo
1098 2356 1131 2392 ι.
1162 2328 1224 2393 llidi

164 2429 240 2492 cnle.
264 2427 322 2492 Sed
345 2427 467 2493 sedebat
490 2428 579 2493 iudex
603 2428 632 2492 L.
657 2428 779 2493 lurilex
803 2428 926 2494 brevior
947 2429 1040 2494 etiam
1055 2449 1154 2514 quam
1176 2429 1236 2517 ipse

166 2529 261 2593 testis:
285 2529 384 2594 omnis
406 2540 451 2595 est
473 2530 552 2595 risus
575 2531 606 2595 in
623 2530 750 2596 iudicem
768 2551 947 2596 conversus:
964 2531 1065 2596 visum
1080 2542 1129 2596 est
1143 2543 1234 2599 totum

165 2699 218 2743 lini:
234 2701 374 2753 atlaoloaaa,
391 2713 436 2744 roa
460 2713 536 2756 areca
558 2695 704 2765 ἠθολόγος,
719 2713 772 2754 qua
786 2700 954 2755 significatur
975 2712 1080 2744 morum
1101 2713 1237 2757 cupressu

164 2769 315 2821 limitatam),
328 2770 373 2824 qui
385 2774 459 2824 aestu
472 2772 530 2825 ipso
544 2772 661 2826 corporis
676 2776 700 2816 et
714 2784 777 2816 coreo
790 2770 858 2815 vocis
868 2771 909 2815 ita
919 2770 1045 2825 exprimit
1054 2784 1146 2817 mores
1160 2772 1237 2818 bomi-

166 2848 237 2885 num,
256 2840 286 2879 ut
304 2836 419 2889 gestibus
440 2837 512 2891 loqui
531 2838 659 2881 *rideatuu
673 2861 699 2868 -
721 2837 907 2882 obscenitas
929 2835 942 2880 ὸ
963 2835 988 2880 le
1009 2836 1169 2883 ‹bruttem
1183 2850 1202 2891 a,
1215 2838 1238 2881 le

165 2914 176 2943 ‹
191 2901 313 2954 volgares
327 2902 447 2947 slacciuts
462 2916 475 2946 e
491 2903 664 2949 econvenieute
680 2915 699 2958 ›,
714 2918 726 2949 e
747 2902 766 2948 si
783 2907 953 2957 contreppone
968 2902 1019 2947 ella
1033 2916 1046 2947 ‹
1060 2902 1188 2949 modestia
1201 2914 1237 2947 ιι·

165 2968 215 3012 ulle
229 2981 241 3012 ‹
257 2969 404 3014 verecondie
419 2980 437 3013 ›.

205 3052 279 3105 (lap.
294 3054 360 3097 Lx.
377 3076 402 3083 —
415 3054 489 3097 243.
504 3054 535 3097 in
557 3055 667 3108 aliquo
688 3054 824 3108 insigni,
838 3065 888 3098 sco.
908 3051 1002 3098 Ordine
1019 3052 1085 3098 coel:
1099 3054 1134 3099 in
1151 3054 1238 3109 aliquo

166 3119 225 3163 ritie
241 3119 338 3174 iussioni
352 3120 387 3163 ad
401 3120 567 3164 irridendum
580 3140 607 3153 =
621 3121 691 3174 quad
704 3120 821 3164 laoutiues
836 3120 974 3165 irrideant.

231 3202 305 3246 244.
324 3202 380 3257 Qui
393 3222 420 3235 ==
433 3202 569 3257 Qteotmedo.
578 3226 604 3233 —
621 3202 792 3256 Granium,
804 3201 943 3252 banditore.
961 3202 985 3247 le
1000 3202 1041 3247 eui
1054 3202 1122 3248 eelie
1136 3204 1238 3249 rioorre·

164 3280 227 3311 runo
241 3280 327 3321 spesso
341 3268 405 3312 nelle
420 3267 495 3313 satire
510 3268 549 3313 del
573 3276 647 3322 poeta
666 3269 769 3314 Lucilio.
792 3268 924 3313 Nell'orea.
937 3280 990 3323 pro
1010 3267 1056 3314 Gra.
1078 3268 1191 3323 Plance,
1209 3271 1241 3321 ll,

163 3336 196 3386 33,
206 3334 322 3379 Cicerone
337 3334 435 3378 ricorde
449 3334 484 3387 gli
498 3334 566 3388 aspri
581 3335 650 3379 motti
664 3335 689 3380 di
699 3335 733 3380 lui
744 3340 828 3381 contro
838 3334 934 3387 Crasso,
944 3334 1033 3390 Druso,
1041 3334 1073 3379 M.
1082 3335 1195 3382 Antonio
1209 3334 1237 3380 ed

164 3400 229 3443 asltri.
242 3423 268 3430 —
284 3400 443 3454 Vargulam:
462 3415 505 3445 era
519 3401 543 3445 di
558 3405 680 3446 carattere
696 3401 775 3446 simile
791 3416 805 3445 u
819 3401 920 3446 Granio-
930 3423 956 3431 —
966 3401 1067 3446 dicium
1083 3402 1239 3456 dici-pro-

164 3465 246 3510 ferirsi
260 3480 292 3510 ιιιι
308 3470 384 3511 rnotlo
398 3471 495 3519 arguto.

231 3546 306 3590 245.
324 3546 474 3590 Pusillus
488 3567 514 3580 =
528 3559 592 3590 neno
608 3546 632 3590 di
647 3550 749 3591 statura.
764 3570 790 3578 -
800 3547 966 3602 processit
982 3567 1006 3581 -
1020 3546 1042 3591 si
1056 3547 1112 3593 icoc
1134 3547 1239 3593 innanzi.

164 3638 190 3644 -
205 3613 382 3669 Philippus
406 3616 431 3659 tu
445 3617 544 3662 corisole
560 3618 640 3662 l'unno
655 3618 737 3670 coelet.
751 3642 777 3650 —
792 3618 961 3673 quaesitor
974 3617 1027 3663 -il
1037 3620 1237 3673 pretoreoaltro

165 3684 306 3738 presidente
321 3685 360 3729 del
377 3685 500 3731 tribunale
518 3687 541 3731 in
556 3702 588 3732 un
602 3689 730 3732 iudicium
740 3689 879 3743 publicum
893 3701 908 3733 o
924 3688 949 3733 im
962 3702 1013 3734 uns
1026 3692 1149 3745 quaestio
1168 3692 1238 3748 eapi-

165 3757 244 3800 talis:
258 3770 300 3800 era
315 3757 393 3801 rrrrelre
403 3757 526 3802 chiamnto
542 3759 619 3803 iudea
630 3760 799 3812 accusationis.
813 3783 839 3789 -
860 3759 1085 3805 Passumnnuu
1107 3773 1238 3809 Rouana.

165 3828 183 3870 ll
199 3826 303 3871 ridioolo
318 3832 354 3872 sta
370 3827 393 3871 in
409 3828 447 3871 cib
462 3828 505 3872 che
522 3829 541 3873 si
557 3829 606 3882 pub
622 3829 749 3874 intendere
765 3830 789 3874 ln
805 3829 852 3873 due
868 3829 933 3875 modi
949 3829 1051 3876 diversi:
1066 3831 1234 3889 interrogasse

154 3894 211 3939 d'un
233 3895 357 3941 nonnulle
378 3898 494 3953 (neutro),
515 3910 528 3941 e
549 3893 722 3951 interroglierb
741 3896 761 3940 il
776 3900 878 3941 nametto
898 3896 1045 3950 (nrasehile).
1064 3922 1092 3931 -
1111 3900 1236 3946 brevior
