2526 4246
149 151 183 204 34
514 165 547 204 u.
567 164 672 204 runnu
691 162 854 205 mannonrs

148 282 231 335 terea
242 268 557 355 clariinpbilosopb‘ia
566 269 730 345 3313313133,
744 290 760 333 3
774 269 884 354 quibus
895 268 1038 334 omnibus
1049 288 1110 334 333
1122 288 1224 354 33333

148 393 220 439 voce
232 372 338 458 repelli
351 382 502 438 oratorem
514 392 531 436 a
542 372 755 485 gubernaculis
767 373 934 463 civitatum,
947 371 1065 437 excludi
1082 370 1121 436 ab
1137 373 1223 437 omni

147 475 471 793 (133333333333333
493 475 644 540 maiorum
666 475 761 539 scient
763 474 790 539 13
808 482 850 561 pq
871 474 1055 591 3333333313
1046 474 1189 659 33311333-
1180 485 1261 557 33,,

147 572 203 642 333
218 578 355 647 33333133
376 587 532 662 tamquam
554 577 586 640 in
609 576 733 662 aliquod
751 546 945 662 3133333331
948 577 999 642 (133
1000 576 1069 642 rudi
1092 588 1122 642 et
1161 597 1226 642 om-

54 688 123 741 47
148 680 201 766 piu
276 679 396 746 rdebam
451 679 509 745 Sed
525 699 579 793 333
595 679 770 764 3333311113
786 679 980 744 adsentiebar
994 699 1094 794 neque
1111 668 1224 749 laium

147 782 387 869 disputationum
410 782 562 848 inventori
586 793 616 847 ct
637 782 770 867 principi
786 784 875 868 longe
890 783 1030 849 omnium
1045 783 1076 846 13
1093 783 1224 848 dicendo

147 885 326 971 gravissimo
347 895 377 951 et
398 885 655 970 eloquentissimo,
679 884 805 961 Platoni,
828 884 913 951 cuius
928 895 994 950 tum
1009 885 1136 951 Athenis
1152 906 1223 951 cum

148 987 319 1052 Charmada
340 987 516 1072 diligentius
538 987 595 1074 legi
619 985 770 1073 Gorgiam
795 1007 854 1072 quo
871 987 902 1051 in
921 987 1000 1052 libro
1016 987 1073 1052 boc
1088 988 1224 1054 maxime

148 1093 323 1158 admirabar
343 1093 510 1170 Platonem,
535 1093 615 1179 quod
639 1094 745 1158 mibi
739 1114 771 1157 m
789 1094 960 1161 oratoribus
975 1094 1165 1161 irridendis
1158 1116 1224 1209 3333

148 1215 212 1261 3333
234 1206 336 1293 333333
358 1216 495 1261 summus
517 1195 639 1260 videbat
627 1206 686 1261 tur
711 1195 803 1261 Verbi
826 1197 910 1261 enim
939 1197 1144 1262 controversia
1161 1198 1223 1263 iam

148 1298 201 1364 diu
223 1286 344 1412 torquet
365 1296 526 1363 Graeculos
550 1297 689 1362 homines
711 1308 833 1363 content
835 1298 913 1363 iouis
935 1298 1106 1384 cupidiores
1129 1320 1223 1413 quam

89 1412 123 1467 38
148 1394 293 1465 veritatis
337 1399 468 1478 Nam,
446 1421 469 1465 si
493 1401 561 1513 quis
584 1399 745 1465 bunostat
704 1401 791 1466 33333
813 1421 878 1466 3333
900 1409 1062 1478 oratorem,
1086 1401 1138 1486 qui
1159 1413 1225 1466 tan·

150 1502 334 1568 tummodo
326 1524 358 1567 1n
382 1503 449 1568 iure
471 1514 501 1568 33
523 1502 556 1566 13
579 1502 696 1568 iudiciis
719 1503 813 1588 possit
836 1513 887 1569 333
909 1503 990 1588 apud
1006 1505 1156 1588 populum
1172 1516 1225 1570 aut

148 1606 180 1670 in
203 1616 310 1671 333333
331 1606 449 1690 copiose
471 1605 564 1690 loqui,
585 1615 687 1670 tamen
705 1605 798 1671 huic
792 1606 863 1726 ipsi
868 1608 965 1687 mqlta
981 1606 1095 1731 33113333
1110 1617 1140 1673 33
1156 1628 1225 1672 con-

147 1708 232 1773 cedat
254 1728 374 1773 necesse
397 1718 450 1773 est.
474 1706 576 1792 Neque
598 1708 680 1772 enim
704 1707 770 1773 sine
791 1696 888 1774 mdlta
891 1688 1146 1801 pertractandus
1161 1729 1226 1775 om-

148 1810 235 1876 nium
248 1830 352 1875 rerum
363 1810 556 1895 publicarum
563 1830 663 1895 neque
676 1830 742 1874 sine
751 1812 862 1897 legum
872 1831 1003 1887 morum,
1013 1832 1088 1877 runs
1096 1811 1224 1877 33333333

148 1931 249 2025 333333
261 1922 370 1977 333333
383 1911 566 1979 bominum
559 1912 694 2026 incoquit
695 1933 711 1976 3
727 1933 760 1977 33
776 1913 935 1978 moribus
928 1933 959 1977 m
977 1913 1048 1977 bis
1041 1914 1115 1999 33333
1130 1914 1226 1980 rebus

148 2025 193 2079 sat
195 2015 220 2078 33
181 2014 350 2080 tcallide
371 2012 486 2079 versari
509 2025 539 2079 et
561 2015 659 2101 333333
681 2026 733 2101 333
734 2027 787 2080 333
785 2007 870 2117 Qui
884 2024 995 2117 333333
1018 2015 1092 2082 13333
1105 2036 1224 2130 ‘cogno-

149 2118 236 2196 ierit,
260 2117 326 2191 3333
346 2118 457 2202 quibus
480 2137 519 2182 ne
542 2118 594 2182 illa
617 2118 768 2215 quidem
756 2116 885 2182 minima
901 2119 933 2182 33
949 2117 1045 2184 333313
1060 2119 1225 2233 quisquam

149 2231 228 2287 recte
199 2206 404 2287 133313
351 2242 391 2307 33
392 2231 458 2299 3333,
483 2221 556 2307 quid
581 2221 651 2286 buic
672 2202 805 2286 abesse⁷
807 2241 846 2334 po
848 2221 920 2287 terit
948 2220 986 2286 de
1017 2221 1097 2286 maxi
1134 2244 1169 2297 ar
1249 2290 1253 2295 ,

150 2345 255 2391 rerum
277 2324 519 2390 331333331813
547 2324 674 2389 oratoris
703 2323 783 2387 331331
810 2323 856 2387 vis
878 2344 943 2388 esse
965 2323 1023 2388 nisi
1016 2242 1251 2411 comrboffi‘r

148 2438 237 2492 ornat
238 2448 264 2504 3,
287 2427 405 2514 copiose
426 2428 519 2540 loqui,
536 2445 658 2512 quaero,
675 2425 823 2511 idipsum
839 2425 890 2511 qui
906 2426 1001 2540 333333
1015 2426 1180 2535 adsequi
1157 2449 1225 2495 3333

149 2551 183 2594 33
199 2530 333 2606 33133313,
349 2550 441 2615 quam
460 2530 485 2594 33
504 2549 566 2594 333
582 2528 725 2594 concedit¹
705 2534 764 2593 3133
751 2527 913 2594 lDicendi
936 2518 1144 2629 3333113333,
1165 2532 1224 2597 3333

149 2633 177 2695 31
175 2633 252 2770 333
275 2632 362 2707 dicet,
378 2651 412 2696 33
434 2631 472 2695 de
487 2631 597 2716 quibus
613 2630 691 2696 dicet
681 2641 858 2717 tpercepta
873 2631 943 2709 3333,
960 2618 1080 2697 exstare
1095 2622 1159 2699 non
1174 2654 1226 2720 po

204 2815 256 2858 4⁷.
272 2813 417 2866 Platoni,
389 2764 476 2856 ..3133
487 2812 620 2856 escludevu
634 2813 700 2857 313113
712 2827 757 2857 333
766 2812 920 2868 repubbticc,
930 2826 943 2858 o
954 2817 1018 2858 stato
1029 2813 1135 2869 ideale‚'
1128 2828 1136 2858 3
1147 2816 1224 2869 poeti.

150 2880 354 2935 -Gorgiam,
375 2878 445 2924 titolo
460 2878 515 2922 d’un
535 2878 634 2932 dialogo
655 2878 679 2923 di
694 2879 805 2933 Platone,
826 2880 868 2923 nel
889 2880 962 2933 quale
982 2879 1003 2923 si
1018 2883 1126 2926 trattano
1142 2882 1224 2935 questi

149 2947 297 2997 argomenti:
316 2945 361 2989 che
381 2958 439 2990 cosa
460 2944 474 2990 3
495 2946 520 2989 13
535 2945 662 2990 333331331
685 2945 744 3000 qual
757 2946 842 2990 valore
865 2959 878 2990 e
898 2946 971 3001 quale
986 2949 1092 3000 potenza
1106 2947 1224 3000 possicdo

150 3027 206 3058 ossa
220 3012 374 3058 reulmente‘?
389 3011 414 3056 in
429 3011 473 3056 3133
488 3010 594 3056 consiste
606 3010 623 3056 il
633 3011 761 3066 problema
772 3011 838 3056 della
847 3011 918 3056 vita?
934 3011 982 3056 313
993 3011 1100 3057 33333133
1114 3013 1226 3068 politica,

150 3093 240 3124 osvero
255 3080 280 3124 13
293 3078 404 3130 1113331133,
418 3078 442 3123 13
456 3084 522 3123 mota
535 3077 579 3133 piu
594 3077 675 3131 degne
685 3092 699 3122 3
710 3079 748 3122 331
764 3078 845 3125 debba
860 3077 1012 3122 indirizzursi
1027 3078 1052 3122 la
1066 3078 1137 3123 33331
1151 3103 1178 3112 -
1193 3081 1226 3126 in

150 3147 336 3191 oratoribus
357 3145 544 3189 irridendis.
565 3144 619 3189 Non
635 3143 648 3189 3
663 3148 755 3198 333333,
769 3143 861 3199 perche
883 3145 923 3189 nel
946 3143 1038 3197 Gorgia
1052 3143 1157 3190 Platone
1176 3160 1226 3192 non

150 3214 225 3259 irride
240 3213 314 3258 iveri
329 3212 428 3267 oratori,
442 3227 481 3256 333
495 3212 577 3258 113131.
591 3212 649 3261 (Gir.
659 3212 838 3265 ernrrmnno,
852 3212 884 3266 ΙΙ,
895 3215 936 3261 35).
950 3235 976 3242 -
993 3210 1134 3258 Verbi...
1158 3226 1226 3258 can·

152 3280 324 3326 troversia:
343 3279 471 3332 questione
486 3278 531 3323 che
546 3279 665 3324 lucarano
681 3278 688 3322 i
705 3277 831 3322 Graeculi
844 3277 882 3321 sul
891 3290 963 3323 nome
974 3276 998 3321 di
1013 3280 1119 3333 oratore,
1134 3292 1160 3324 se
1171 3279 1226 3326 3133

150 3347 170 3391 31
186 3347 289 3391 dovesse
304 3346 363 3390 dare
379 3345 402 3389 ai
417 3344 463 3390 soli
478 3344 594 3389 difensori
610 3344 634 3388 di
649 3358 724 3389 33333
746 3343 851 3396 lorensi.
866 3357 880 3388 o
896 3359 911 3388 a
926 3343 1010 3398 quenti
1030 3356 1162 3397 sapessero
1176 3346 1226 3391 ben

129 3407 132 3413 '
151 3412 203 3457 diro
214 3427 256 3457 sur
266 3412 323 3465 ogni
332 3416 453 3465 soggctto.
462 3435 487 3442 -
505 3410 645 3456 Graecal
651 3425 689 3465 33,
704 3424 763 3456 voce
775 3410 799 3454 di
810 3411 920 3465 33133333,
927 3425 943 3455 e
953 3409 1063 3455 iudicare
1073 3408 1090 3453 il
1100 3415 1226 3457 carattere

151 3479 258 3523 volubile
273 3479 302 3523 ed
318 3482 450 3531 arrogante
465 3477 504 3522 dei
520 3477 592 3522 Greci
614 3477 654 3522 del
676 3482 758 3531 tempo
778 3491 833 3522 men
848 3476 914 3521 bello
930 3476 954 3520 di
968 3476 1052 3531 quella
1072 3476 1185 3523 nacione.

218 3564 270 3607 48.
289 3562 551 3618 pertractatione
574 3562 714 3605 omniane
736 3573 843 3605 reram
868 3560 1082 3614 publicarum,
1099 3558 1227 3613 significa:

151 3630 296 3683 l'occuparsi
312 3628 335 3672 di
351 3628 434 3672 diritto
450 3626 574 3681 pubblico.
588 3651 614 3657 —
629 3627 715 3670 trieri
731 3645 757 3660 =·
770 3629 881 3670 33333333.
903 3649 928 3655 -
950 3625 1139 3673 aratoria...
1156 3640 1227 3672 case

150 3717 177 3729 -
191 3709 258 3739 33333
272 3694 373 3749 proprio
388 3694 552 3741 dell’oratore.
566 3716 592 3723 -
607 3692 660 3748 qai
674 3692 783 3747 pascit
795 3711 822 3725 -
844 3691 969 3744 quomado
987 3691 1081 3746 poscit.
1100 3690 1158 3742 (Gir.
1176 3693 1228 3749 Qui

147 3763 187 3818 flt,
201 3761 344 3807 Maecenas.
355 3760 379 3804 di
390 3758 584 3813 Onazro‚Satir.
594 3759 611 3812 1,
621 3761 684 3808 13-
699 3758 762 3804 ei...
782 3761 939 3812 percepta
957 3758 1031 3801 aiat.
1044 3756 1227 3813 Perceptuo

145 3829 160 3868 3
178 3842 227 3871 uno
245 3827 270 3870 di
285 3827 343 3881 quoi
359 3825 513 3881 3333133133,
532 3838 601 3870 come
621 3825 742 3878 auditae,
758 3823 1067 3878 cognitas,1›erspectaa‚
1082 3825 1226 3879 provisus.
1254 3840 1261 3853 ·

130 3891 253 3936 bennoi!
267 3894 318 3939 dat.
330 3895 476 3950 personale,
491 3892 602 3940 sccmbio
616 3890 723 3938 dell'abl.
737 3889 763 3935 di
776 3894 873 3943 agente.
