2558 4236
201 136 244 176 on
261 136 407 179 onnroun
424 138 486 179 cm.
507 140 529 189 1,
549 138 848 191 our.xcvn1-xu1x,
868 135 984 184 saccaro
1100 129 1134 181 89

10 218 20 293 '3
59 252 151 328 alque
173 242 381 310 humanarum
403 245 477 323 vim,
501 256 643 312 naturam
664 267 828 333 causasque
851 268 939 314 nosse
960 257 991 313 et
1009 266 1133 314 omnem

10 360 22 441 ξ·
60 345 140 410 bene
162 345 288 412 vivendi
312 348 462 413 rationem
484 358 590 415 tenere
605 360 635 416 et
649 351 801 436 persequi,
821 351 946 417 nomine
962 351 1018 416 hoc
1033 351 1135 437 appel-

60 450 150 514 letur.
198 447 360 516 Oratorem
382 461 494 530 autem,
518 453 663 538 quoniam
678 453 716 519 de
730 474 766 519 eo
789 455 974 539 quaerimus,
991 453 1133 540 equidem
1159 466 1210 520 213

10 638 13 645 Ι
57 570 120 615 non
141 549 217 616 facio
240 551 382 630 eundem,
406 573 498 638 quem
521 553 653 631 Crassus,
677 555 728 640 qui
753 555 828 620 mihi
846 555 930 622 visus
945 566 991 621 est
1009 574 1133 620 omnem

58 653 200 719 omnium
224 673 328 720 rerum
351 665 442 741 atque
464 657 576 722 artium
603 657 759 723 scientiam
788 658 1050 744 comprehendere
1074 678 1133 723 uno

57 756 189 822 oratoris
211 756 309 823 officio
331 778 365 823 ac
388 750 527 839 nomine3
544 771 635 845 atque
649 781 720 826 eum
736 772 810 847 puto
825 781 899 838 esse,
919 762 969 846 qui
986 771 1016 826 et
1031 762 1134 826 verbis

58 859 96 924 ad
119 859 309 951 audiendum
332 861 473 930 iucundis
488 872 517 928 et
531 863 690 928 sententiis
706 863 744 928 ad
759 864 954 949 probandum
970 884 1134 929 accommo-

57 952 147 1029 datis¹
160 963 206 1028 uti
227 964 321 1049 possit
344 965 375 1029 in
400 965 496 1031 causis
518 965 689 1032 forensibus
705 978 795 1052 atque
810 967 1032 1032 communibus.
1050 966 1135 1033 Hunc

57 1087 112 1152 ego
136 1067 259 1152 appello
281 1077 434 1133 oratorem
456 1088 588 1154 eumque
604 1089 668 1134 esse
687 1080 843 1155 praeterea
865 1070 1046 1136 instructum
1062 1091 1133 1136 voce

57 1181 86 1234 et
110 1168 230 1235 actione
252 1180 282 1234 et
304 1171 408 1254 lepore
430 1170 563 1256 quodam
585 1173 663 1236 volo.
709 1171 831 1237 Crassus
847 1193 920 1237 vero
937 1172 1015 1237 mihi
1032 1182 1133 1238 noster
1158 1186 1208 1238 214

57 1273 142 1338 visus
163 1281 211 1337 est
232 1273 360 1338 oratoris
382 1273 556 1340 facultatem
575 1294 636 1339 non
660 1275 743 1341 illius
757 1276 831 1340 artis
854 1275 1002 1351 terminis,
1018 1275 1071 1340 sed
1089 1276 1133 1339 in-

56 1374 138 1460 genii
156 1375 202 1440 sui
221 1375 335 1442 finibus
346 1376 505 1441 immensis
516 1396 613 1462 paene
629 1378 808 1443 describere.
846 1376 921 1442 Nam
933 1387 963 1442 et
976 1378 1133 1443 civitatum

57 1478 266 1565 regendarum
288 1480 400 1544 oratori
415 1480 620 1566 gubernacula
636 1481 786 1546 sententia
802 1502 855 1546 sua
871 1480 1004 1556 tradidit,
1022 1481 1054 1545 in
1073 1501 1132 1566 quo

56 1602 114 1667 per
136 1581 216 1646 mihi
240 1582 355 1647 mirum
378 1582 478 1649 visum
501 1594 555 1661 est,
578 1583 731 1661 Scaevola,
747 1594 777 1649 te
795 1583 851 1648 hoc
865 1583 943 1647 mihi
958 1583 1132 1660 concedere,

56 1706 129 1750 cnm
153 1684 330 1770 saepissime
352 1685 406 1750 tibi
431 1696 553 1751 senatus
576 1686 711 1751 breviter
732 1686 931 1771 impoliteque
947 1685 1055 1750 dicenti
1073 1707 1133 1750 ma-

10 1826 13 1847 2
57 1789 154 1853 rimis
177 1788 215 1852 sit
237 1788 276 1854 de
289 1788 379 1855 rebus
391 1788 545 1855 adsensus.
570 1789 607 1854 ll.
621 1810 694 1854 vero
707 1789 846 1864 Scaurus,
859 1810 951 1874 quem
967 1810 1029 1854 non
1044 1791 1134 1874 longe

58 1893 126 1957 ruri
148 1891 230 1977 apud
254 1913 285 1956 se
307 1912 373 1957 esse
393 1891 493 1970 audio,
521 1893 570 1957 vir
596 1892 744 1979 regendae
774 1893 817 1957 rei
845 1893 982 1978 publicae
1005 1893 1134 1957 scientis-

55 1996 165 2071 simus,
190 1995 212 2058 si
236 1994 366 2060 audierit
389 1994 466 2060 hanc
488 1995 695 2061 auctoritatem
717 1995 872 2081 gravitatis
894 2006 923 2060 et
945 1995 1060 2060 consilii
1088 1995 1133 2060 sui

56 2097 208 2163 vindicari
230 2119 247 2162 a
270 2107 309 2174 te,
333 2096 446 2174 Crasse,
471 2097 551 2182 quod
569 2118 635 2163 eam
652 2098 779 2162 oratoris
793 2098 950 2183 propriam
964 2118 1029 2163 esse
1043 2097 1133 2175 dicas,

49 2204 131 2280 'iam,
156 2202 254 2280 credo,
279 2202 338 2269 huc
360 2202 462 2268 veniat
488 2212 518 2268 et
548 2203 624 2268 franc
651 2203 861 2287 loquacitatem
890 2211 1024 2266 nostram
1047 2203 1133 2266 vultu

60 2307 126 2391 ipso
148 2306 352 2392 adspectuque
373 2315 557 2384 conterreat;
581 2305 643 2390 qui,
667 2325 852 2390 quamquam
879 2316 923 2369 est
950 2305 981 2368 in
1007 2303 1133 2369 dicendo

10 2450 12 2459 ι
60 2409 189 2474 minime
199 2408 445 2486 contemnendus,
453 2407 614 2494 prudentia
626 2418 728 2473 tamen
736 2427 840 2473 rerum
853 2427 1030 2494 magnarum
1039 2407 1134 2491 magis

66 2531 156 2594 quam
167 2511 284 2576 dicendi
297 2521 362 2577 arte
372 2511 487 2576 nititur.
532 2509 635 2596 Neque
646 2531 728 2587 vero,
738 2511 763 2574 si
775 2511 843 2596 quis
854 2519 1132 2595 utrumquepotest,
1160 2517 1176 2567 ἱ

69 2624 117 2677 out
137 2615 188 2679 ille
210 2613 326 2680 consilii
349 2613 461 2699 publici
483 2623 587 2678 auctor
606 2633 639 2678 ac
654 2623 773 2678 senator
789 2613 884 2677 bonus
899 2612 938 2677 ob
953 2632 1021 2678 eam
1036 2613 1133 2698 ipsam

27 2718 30 2723 '
75 2735 183 2781 causam
204 2726 307 2782 orator
328 2726 373 2781 est
394 2726 446 2782 aut
469 2716 517 2780 hic
532 2716 662 2782 disertus
677 2726 767 2801 atque
782 2719 935 2800 eloquens,
953 2717 976 2780 si
992 2726 1037 2780 est
1052 2715 1133 2781 idem

80 2815 105 2879 in
121 2819 329 2904 procuratione
351 2819 479 2884 civitatis
501 2819 646 2906 egregius,
670 2819 804 2904 aliquam
831 2819 950 2882 civilem
979 2819 1133 2884 scientiam

81 2916 179 2988 dicendi
205 2923 289 3008 mpla
316 2932 361 2987 est
385 2931 568 2988 consecutus,
592 2921 720 2987 flfultum
746 2922 826 2987 inter
858 2942 889 2986 se
919 2921 1031 2986 distant
1060 2921 1134 2985 istae

84 3012 218 3087 facultates
233 3023 382 3106 longeque
397 3031 465 3085 sunt
480 3019 618 3085 diversae
633 3030 723 3104 atque
738 3021 897 3095 seiunctae,
914 3039 1012 3103 neque
1027 3019 1133 3084 eadem

83 3129 176 3148 ..N-

135 3185 195 3232 213.
211 3186 339 3231 actione
360 3188 388 3229 ct
410 3184 518 3238 lepore
539 3183 676 3238 quodam
690 3202 717 3216 =·
732 3182 755 3225 di
775 3182 840 3225 bello
860 3182 1053 3233 nttcggiurnento
1075 3194 1088 3224 e
1110 3180 1133 3223 di

75 3249 103 3282 '¹¹¹
121 3259 179 3299 certo
194 3252 281 3306 garbo.

134 3330 196 3378 214.
207 3345 268 3387 per
286 3331 365 3376 mini
382 3331 509 3382 mirum,
523 3329 592 3374 tmesi
609 3343 663 3383 per:
678 3329 745 3372 mihi
760 3328 952 3382 perinirnme
967 3326 1136 3380 impolite..

63 3391 152 3483 *²1qu
166 3401 259 3450 buona
268 3397 511 3452 complicemente-
484 3395 576 3442 -.M
584 3394 752 3447 ..Scaurus
767 3394 797 3438 Μ
810 3393 897 3438 lmrlio
911 3394 1010 3444 “lcauro
1024 3392 1135 3446 principe

61 3442 107 3493 ‘¹²⁴¹
125 3458 222 3520 Sancto,
235 3465 281 3510 che
295 3463 383 3509 fudue
402 3464 467 3508 volte
487 3463 594 3516 console,
607 3462 646 3506 nel
666 3464 773 3512 6391115
792 3474 805 3504 o
828 3461 866 3503 nol
881 3463 920 3504 647
934 3462 936 3513 Ι
950 3463 1044 3503 107-
1018 3472 1137 3503 -rccrc

58 3520 149 3576 “pud
168 3547 209 3579 oe.
231 3529 323 3576 Poicht
343 3531 418 3585 apud
436 3543 464 3574 ae
485 3530 633 3582 volquanto
608 3529 726 3572 tdomf
744 3541 816 3575 aicae
839 3527 853 3569 il
871 3526 1009 3578 significato
985 3526 1069 3572 let
1070 3527 1138 3571 ercle

51 3585 222 3671 Jl'tbbezm
237 3597 343 3654 villain
359 3610 417 3642 casa
432 3610 490 3647 cue
505 3595 630 3650 cquindi:
648 3596 714 3639 nollo
729 3594 848 3639 suovilln.
858 3594 1137 3646 Quonfoolsignificnto

51 3645 175 3712 ’91)αά
189 3679 259 3711 se
232 3665 344 3710 domi
358 3677 429 3718 cuae
443 3663 596 3717 pcrogonalo
612 3663 650 3706 col
666 3663 777 3705 fiuntccc
793 3662 853 3704 elce
843 3662 952 3704 soi-
972 3661 1138 3704 vindicari

98 3727 208 3787 “asergli
223 3731 292 3777 tofta

124 3811 196 3858 215.
210 3815 396 3867 utrumque,
409 3809 462 3855 cioe
477 3822 560 3854 essere
574 3808 640 3853 buon
655 3807 862 3852 amininistratore
878 3820 890 3850 o
906 3806 972 3850 buon
989 3811 1095 3850 oratore
1110 3829 1136 3837 -

43 3851 81 3890 ⁰
108 3878 353 3926 Droeuralione
376 3876 574 3921 ciuitatia=
597 3875 636 3919 nol
661 3874 792 3928 maneggio
816 3872 853 3918 de'
874 3871 990 3929 publilioi
1012 3870 1143 3917 olfari.—
