2526 4246
1009 39 1080 99 ,cu
1165 40 1169 43 ·

969 102 1008 143 ,a

949 140 964 173 Γ

176 192 227 245 ‘298
562 206 595 246 u.
612 206 717 247 uuum
735 154 936 253 οιοκιῑοιειι,ᾧ
1020 208 1072 285 'vl'
1100 172 1138 275 ·t''

178 324 313 381 restrum
336 313 489 399 patiamur
512 311 707 397 nusuuidam
722 312 824 397 pullos
844 328 917 377 suas
939 266 1226 479 exclddffinnidu,

177 417 230 503 qui
244 380 671 583 evalentpilamptpppudiosi
686 433 720 479 ac
734 415 865 491 molesti,
880 412 1048 499 Pamphilu
1080 432 1137 499 qus
1147 394 1223 476 discit

177 539 269 604 quem
292 504 432 583 sinimus*
451 508 485 581 ui
507 504 613 684 mys
635 525 749 581 tantam
775 535 843 582 rem
864 524 1027 600 tamquam
1047 514 1169 602 pueriles
1189 511 1225 576 de

99 612 102 619 ’
179 622 262 686 tirius
282 623 400 705 aliquas
426 618 540 705 deping
575 637 607 695 e;
635 638 751 703 uosque
772 617 831 704 ipsi
854 617 912 683 hac
933 628 998 683 tam
1021 620 1126 705 exigua
1148 616 1228 701 dispu-

178 725 291 789 tatione
316 723 449 789 hesterni
473 732 503 787 et
526 720 667 787 hodierni
682 720 743 787 dici
759 731 857 788 tutum
878 722 1011 787 oraturis
1032 741 1143 787 munus
1156 717 1230 804 expli

177 848 290 902 cenius,
305 824 472 892 dunnundu
492 825 543 889 illa
558 845 608 890 res
623 835 706 890 tanta
721 825 769 901 sit,
788 834 820 890 ut
834 815 985 891 omnihus
1000 823 1231 911 philosophorum

48 980 64 1013 ,.
179 930 275 1005 libris,
303 950 378 1014 quus
407 948 498 994 nemu
525 938 681 995 oraturum
711 927 838 993 istorum
867 946 1009 1013 unquam
1038 927 1143 1015 attigit,
1168 943 1232 991 cum·

179 1033 331 1119 prehensa
354 1052 419 1096 esse
442 1030 590 1097 videatur.

119 1162 152 1221 82
221 1150 344 1217 XXH.
362 1150 439 1215 Tum
456 1148 594 1216 Catulus:
615 1148 855 1235 Haudquaquam
872 1147 986 1227 hercle,
1007 1149 1118 1235 inquit,
1139 1147 1232 1218 Crasse,

179 1251 356 1318 mirandum
379 1263 512 1318 estesse
535 1252 568 1317 in
591 1262 621 1318 te
644 1261 760 1316 tantam
783 1249 904 1316 dicendi
928 1251 979 1316 vei
1003 1251 1069 1316 vim
1092 1252 1139 1317 vel
1158 1247 1232 1314 suari

180 1368 272 1422 tatem
288 1359 335 1421 vel
354 1355 486 1441 rupiam3
503 1375 595 1441 quem
607 1354 731 1440 quidem
747 1364 835 1419 antea
851 1363 962 1419 natura
978 1353 1073 1419 rebar
1090 1355 1130 1418 ita
1143 1352 1231 1424 dicere

181 1470 212 1526 ut
235 1458 312 1524 mihi
335 1478 397 1524 nun
421 1460 520 1523 solum
542 1467 644 1523 orator
663 1476 810 1534 summus,
826 1455 880 1521 sed
896 1455 991 1521 etiam
1015 1455 1231 1543 sapientissima

182 1564 272 1628 humo
294 1562 450 1639 viderere;
473 1580 555 1626 nunc
578 1561 721 1646 intellego
744 1559 797 1624 illa
819 1569 849 1624 te
871 1578 996 1644 semper
1019 1559 1113 1624 etiam
1137 1557 1230 1645 putiau

179 1665 315 1739 duxisse,
339 1683 417 1749 quae
443 1662 481 1727 ad
508 1663 689 1748 sapientiam
712 1671 897 1748 spectarent,
920 1670 1014 1746 atque
1041 1682 1081 1726 ex
1107 1660 1154 1725 his
1175 1660 1230 1723 hau

180 1768 299 1833 dicendi
323 1768 441 1852 cupiam
464 1766 597 1832 fluxisse.
622 1765 681 1831 Sed
703 1775 821 1842 tamen,
844 1783 914 1830 cum
941 1784 1052 1830 omnes
1074 1763 1183 1852 gradm
1202 1780 1229 1825 ae

180 1871 248 1934 tatis
272 1870 413 1934 recurdur
437 1880 506 1935 tuae
527 1889 657 1954 cumque
679 1868 775 1933 vitam
796 1877 882 1933 tuam
904 1887 939 1933 ac
960 1867 1066 1935 studia
1088 1865 1229 1933 considers

180 1992 289 2057 neilus,
313 1992 373 2056 quo
397 1983 533 2056 tempore
556 1973 612 2037 ista
634 1970 785 2047 didiceris,
809 1969 899 2035 video
918 1988 973 2036 nec
988 1990 1101 2057 magno
1118 1977 1227 2056 speret

182 2076 244 2140 istis
267 2074 383 2150 studiis,
401 2075 586 2151 huminibus,
603 2074 689 2139 libris
705 2073 848 2160 intellego
866 2071 1016 2138 deditum.
1032 2071 1137 2159 Neque
1151 2082 1227 2136 tame:

180 2198 303 2263 possum
326 2188 468 2253 statuere,
490 2187 596 2242 utrum
618 2177 713 2262 magis
735 2176 832 2241 mirer
856 2184 887 2240 te
908 2175 973 2251 ilia,
989 2195 1070 2261 quae
1091 2175 1169 2239 mihi
1187 2193 1226 2260 pei

180 2281 288 2346 suades
310 2281 442 2345 maxima
467 2299 533 2344 esse
556 2279 742 2355 adiumenta,
765 2277 899 2364 putuisse
921 2276 954 2343 in
977 2278 1071 2344 tantis
1092 2278 1153 2344 tuis
1173 2296 1225 2342 occi

180 2383 353 2468 patiuniitus
376 2382 561 2468 perdiscere;
586 2401 642 2459 an,
665 2380 690 2445 si
713 2401 776 2446 nun
799 2379 949 2466 potueris,
971 2400 1062 2467 posse
1084 2380 1141 2446 isto
1163 2377 1225 2446 mad

182 2684 207 2726 in
223 2683 300 2731 ratde).
318 2706 344 2712 -
360 2667 624 2737 Panepht‘lum...i}
644 2680 844 2736 probabilmente
858 2679 962 2726 Pemfilo
976 2679 1022 2725 che
1036 2680 1064 2726 fu
1079 2681 1147 2726 datto
1162 2680 1221 2723 ‹ilc

180 2752 245 2794 riusu
261 2762 272 2791 ›
288 2751 312 2794 di
327 2752 365 2796 cui
381 2755 452 2806 parlu
466 2751 549 2806 Suidu,
564 2766 576 2797 e
592 2753 619 2797 fu
633 2751 777 2805 Amfipolita
791 2764 806 2797 u
822 2750 929 2797 dicionis
943 2763 959 2796 o
973 2750 1125 2806 Nicopolim.
1138 2748 1221 2805 riguit

179 2821 284 2875 precetti
299 2821 364 2865 della
378 2822 484 2866 retoricn
498 2822 522 2866 in
537 2826 604 2866 certe
620 2835 663 2866 sus
673 2821 783 2875 imagini,
794 2821 840 2866 ele
851 2820 948 2875 dipinse
958 2820 985 2865 in
995 2821 1084 2866 alcuna
1092 2821 1160 2867 faece
1171 2819 1220 2871 (ini

177 2892 261 2946 scalis).
271 2914 297 2923 -
306 2893 392 2937 nescio
402 2906 484 2947 quem.
495 2892 575 2937 Notiai
585 2892 630 2937 che
644 2893 729 2937 nescia
739 2893 808 2947 qais,
817 2892 880 2947 qaid
890 2904 939 2937 non
948 2891 982 2936 ha
992 2905 1080 2947 sponso
1090 2893 1163 2938 alcun
1170 2896 1220 2946 pute

180 2964 217 3007 sul
229 2962 300 3008 ruodo
316 2963 354 3008 del
369 2963 445 3009 uerbo
459 2964 511 3017 (qui
526 2965 655 3018 siccamus,
672 2976 742 3016 cong.
759 2962 911 3017 esui-tutius),
920 2974 934 3007 e
944 2964 983 3007 stu
993 2961 1020 3007 in
1030 2962 1105 3016 luogo
1116 2962 1142 3007 di
1151 2963 1218 3016 aliqu

181 3036 312 3090 aliquado
328 3036 352 3080 in
367 3048 439 3080 sensu
454 3035 478 3079 di
494 3035 629 3089 disprezzo,
644 3047 712 3079 come
729 3040 840 3089 nppnnto
856 3033 905 3088 qui,
920 3046 934 3079 u
948 3045 995 3088 per
1016 3037 1121 3078 mettere
1136 3030 1217 3086 mega<

180 3114 261 3152 mente
272 3107 295 3152 in
306 3108 392 3152 riliero
401 3105 658 3151 ltndeterminatezza.
668 3129 694 3137 -
705 3106 744 3150 du
752 3119 812 3150 ctam
820 3106 878 3150 odo
893 3104 919 3149 il
924 3105 957 3149 la
970 3116 1022 3150 res
1037 3107 1135 3151 tanta
1147 3105 1215 3157 sita

180 3179 199 3222 Il
216 3192 287 3223 senso
304 3178 331 3223 e:
345 3177 447 3229 Purchd,
458 3181 604 3222 nonostante
616 3176 660 3221 che
674 3176 730 3221 sard
740 3175 824 3229 breve,
833 3175 853 3220 si
863 3178 939 3228 tanga
948 3187 994 3228 per
1003 3174 1082 3220 fermo
1092 3186 1160 3220 esser
1169 3186 1215 3228 quet

181 3262 228 3293 unu
246 3249 350 3293 materie
370 3248 390 3292 sl
404 3256 475 3292 sustu
489 3251 591 3300 (tutata),
609 3247 666 3301 che,
686 3259 732 3299 per
751 3258 819 3290 asser
839 3244 878 3290 dal
898 3247 962 3290 tutto
981 3256 1125 3299 compress,
1137 3243 1214 3290 riuhiec

180 3319 255 3363 celibe
275 3320 298 3363 te
318 3332 393 3373 opere
409 3318 433 3361 di
448 3317 504 3362 tutti
520 3317 527 3361 i
542 3316 636 3362 filosofi.
655 3315 743 3360 Tanta
757 3315 793 3359 sit
808 3313 820 3358 ὲ
838 3327 884 3368 per
902 3314 920 3358 il
940 3313 1014 3359 Sorof
1027 3315 1121 3368 ugnuls
1137 3329 1163 3360 a:
1178 3316 1214 3359 tar

180 3390 317 3434 habeatur.
833 3407 837 3412 ⁷

222 3504 292 3557 (lap.
313 3506 421 3552 xxll.
445 3527 470 3535 -
495 3505 544 3547 8⁶2.
567 3517 657 3558 quem
682 3502 695 3547 ὸ
719 3515 787 3556 sugg.
807 3501 831 3545 di
860 3502 959 3555 dione,
979 3513 992 3546 a
1017 3506 1056 3546 stu
1078 3514 1124 3556 per
1144 3505 1207 3552 te,c

182 3571 325 3627 Crassum
345 3578 446 3619 natura
468 3573 510 3627 poi
528 3574 642 3618 modifica
659 3574 749 3618 dicere.
770 3596 796 3604 -
818 3573 859 3616 ad
879 3571 1083 3626 sapientiam
1096 3587 1121 3608 =
1142 3571 1206 3623 aaa

181 3644 334 3697 losopht'am.
358 3668 384 3674 -
406 3645 503 3696 hanc,
530 3648 585 3688 sott.
610 3648 691 3688 tuam.
714 3667 741 3674 —
761 3656 851 3688 cam...
878 3642 1039 3687 recordor.
1064 3641 1130 3687 Oum
1149 3636 1204 3686 coll'i

179 3714 212 3757 ha
226 3712 268 3766 qui
284 3725 356 3758 senso
372 3713 493 3758 iterativo.
508 3737 535 3744 -
555 3727 661 3758 omues
679 3715 808 3768 aradus
830 3713 964 3767 aetatis,
984 3712 1043 3757 tutti
1058 3709 1172 3767 iperiodi
1185 3707 1206 3751 dt

179 3784 238 3829 vitu.
251 3783 333 3827 Aetas
347 3784 417 3828 vale:
432 3783 472 3827 etri
489 3782 545 3827 d'un
561 3797 641 3837 uerno,
656 3784 745 3829 durata
760 3784 826 3829 delle
841 3783 893 3828 vite
908 3782 933 3826 di
947 3782 990 3828 lui.
1004 3805 1031 3815 -
1048 3783 1147 3829 vitam
1164 3783 1204 3825 tce

174 3871 212 3903 aa
229 3855 360 3903 stadia:
380 3853 488 3900 endiadi.
509 3877 535 3885 -
557 3858 704 3899 statuere
726 3855 769 3908 qui
788 3855 820 3899 ha
840 3855 856 3898 il
876 3852 1015 3906 significatu
1029 3853 1067 3900 di:
1081 3853 1203 3901 stimuum

164 3930 259 3978 (licere.
278 3927 328 3977 Cfr.
347 3928 387 3975 sic
406 3931 500 3975 statuo
519 3930 543 3974 et
558 3926 648 3972 iudico
664 3925 705 3971 dei
716 3925 783 3970 iitsru
794 3925 832 3978 ti,
842 3926 892 3968 t‘t‘z.
