2558 4236
191 164 236 205 nn
253 162 401 205 onaronu
418 163 481 204 ma.
500 163 536 217 11,
556 160 625 204 car.
645 163 824 212 xxix-xxx,
845 163 962 213 alterae
1064 150 1115 204 163

46 259 128 334 detur
149 288 278 336 omnem
300 268 392 335 huius
413 267 534 356 generis
556 268 643 354 quasi
659 267 829 333 doctrinam
844 268 1010 346 continere,
1027 268 1065 334 de
1080 289 1115 335 ea

46 368 178 447 prinum
199 373 365 458 loquemur
385 382 416 438 et
437 391 532 457 pauoa
554 370 698 439 dicemus.
723 369 819 438 Pauoa
833 371 917 436 enim
937 381 1018 448 sunt,
1037 393 1116 457 quae

48 484 100 537 usu
120 474 183 541 iam
205 484 332 540 tractata
354 483 384 540 et
406 473 509 539 auimo
531 471 617 559 quasi
640 483 743 539 notata
766 473 880 539 habere
901 473 1071 541 videamur.

88 572 202 643 XXX.
229 578 268 643 llo
289 577 346 642 tibi
368 575 522 662 sapienter
543 575 691 653 monenti,
716 575 830 655 Crasse,
854 576 986 643 libenter
1012 578 1117 643 adsen-
1144 589 1195 644 130

54 669 165 757 denar,
189 689 223 745 ut
245 679 437 766 singularum
456 698 616 746 causarum
632 677 833 756 defensiones,
853 698 928 764 quas
942 681 1041 745 solent
1056 699 1118 744 rna-

58 774 128 856 gistri
143 783 248 868 pueris
263 781 394 859 tradere,
411 781 631 867 relinquamus,
654 781 827 866 aperiamus
841 792 944 848 autern
958 782 1056 868 capita
1071 803 1117 858 ea,

58 883 128 948 undo
149 884 250 950 omnis
273 883 312 949 ad
337 903 461 949 ornnem
490 892 521 948 et
547 903 668 948 oausam
698 892 728 948 et
757 883 926 949 orationem
954 884 1118 970 disputatio

60 978 174 1052 duoitur.
190 986 295 1072 Neque
310 986 403 1064 enim,
420 986 561 1072 quotiens
579 986 709 1051 verbum
725 986 847 1071 aliquod
863 996 908 1052 est
922 987 1118 1075 sorilrendurrr

60 1089 143 1167 nobis,
157 1091 267 1156 totiens
279 1089 345 1155 eius
356 1088 441 1155 verbi
458 1088 579 1154 litterae
594 1098 665 1155 sunt
680 1089 859 1175 cogitatione
874 1090 1117 1175 conquirendae3

58 1209 102 1257 neo
123 1194 264 1278 quotiens
278 1213 367 1258 eausa
382 1191 510 1258 dicenda
528 1201 583 1268 est,
599 1191 709 1256 totiens
728 1191 765 1256 ad
781 1192 846 1257 eius
860 1212 967 1258 causae
989 1195 1119 1278 seposita

54 1307 225 1381 argumenta
249 1295 367 1360 revolvi
389 1314 444 1360 nos
466 1303 594 1381 oportet,
618 1292 672 1359 sed
695 1294 809 1360 habere
830 1304 927 1360 oertos
950 1297 1039 1372 locos,
1055 1297 1119 1382 qui,

51 1408 82 1462 ut
101 1399 221 1464 litterae
245 1398 282 1463 ad
306 1398 435 1463 verbum
458 1396 664 1473 scribendum,
688 1395 730 1461 sie
753 1397 797 1461 illi
821 1396 859 1461 ad
881 1417 1002 1463 eausam
1025 1399 1120 1484 expli-

47 1501 173 1566 candam
196 1501 299 1567 statim
321 1509 489 1566 occurrant.
536 1499 594 1564 Sed
619 1499 650 1563 hi
667 1500 723 1565 looi
740 1499 767 1565 ei
783 1500 909 1565 demum
924 1500 1036 1566 oratori
1052 1521 1121 1586 pro·
1146 1509 1195 1563 131

47 1603 132 1669 desse
155 1615 292 1689 possunt,
316 1603 367 1688 qui
390 1613 436 1667 est
460 1611 597 1668 versatus
613 1602 642 1666 in
662 1622 766 1667 rerunt
782 1604 831 1667 vel
847 1623 914 1680 usu,
931 1622 1023 1687 quern
1039 1613 1120 1668 aetas

46 1706 180 1792 denique
207 1706 323 1784 adfert,
353 1708 400 1772 vel
426 1704 580 1772 auditione
603 1715 633 1770 et
655 1704 844 1791 cogitatione,
868 1725 945 1789 quae
968 1705 1068 1771 studio
1091 1717 1121 1772 et

46 1809 205 1896 diligentia
228 1809 400 1894 praecurrit
421 1817 561 1873 aetatem.
585 1806 670 1885 Narn,
694 1808 718 1872 si
743 1818 775 1872 tu
798 1808 874 1872 milri
899 1809 1039 1893 quamuis
1055 1829 1122 1875 eru-

46 1914 147 1979 ditum
170 1912 329 1978 hominem
352 1910 526 1989 adduxeris,
550 1911 691 1995 quamvis
713 1931 814 1976 aorem
837 1921 867 1976 et
888 1921 1010 1979 acutum
1028 1913 1062 1978 in
1077 1934 1122 1978 oo·

46 2015 180 2102 gitando,
204 2015 345 2100 quamvis
367 2013 405 2079 ad
428 2013 692 2099 pronuntiandum
715 2013 901 2098 expeditum,
925 2015 948 2079 si
966 2016 1024 2080 erit
1039 2015 1122 2081 idern

45 2120 79 2183 in
102 2117 324 2184 consuetudine
337 2117 476 2194 civitatis,
492 2117 524 2181 in
541 2116 700 2200 exemplis,
717 2116 748 2181 in
765 2116 920 2194 institutis,
937 2118 969 2181 in
986 2118 1123 2184 moribus

46 2242 81 2287 ae
103 2220 313 2286 voluntatibus
334 2219 448 2285 civium
470 2238 597 2285 suorum
625 2218 749 2304 hospes,
773 2238 835 2283 non
859 2221 992 2285 multum
1015 2220 1042 2284 ei
1066 2221 1122 2285 lori

46 2325 219 2411 proderunt
233 2323 289 2399 illi,
306 2343 344 2389 ex
359 2321 470 2408 quibus
485 2331 665 2408 argumenta
680 2333 875 2406 promuntur.
900 2322 1028 2387 Suhaoto
1044 2323 1122 2387 milri

46 2427 172 2514 ingenio
195 2446 272 2512 opus
293 2434 347 2503 est,
371 2433 405 2490 ut
427 2444 498 2511 agro
521 2443 583 2488 uon
607 2425 700 2489 semel
722 2432 815 2501 arato,
831 2424 883 2490 sed
901 2433 1010 2490 novato
1026 2435 1056 2489 et
1072 2425 1124 2490 ite-

46 2540 125 2607 rato,
150 2548 210 2614 quo
232 2527 375 2593 meliores
397 2526 475 2593 fetus
496 2526 591 2611 possit
614 2535 644 2591 et
665 2525 844 2612 grandiores
866 2526 966 2592 edere.
984 2526 1124 2593 Suhaotio

46 2644 152 2698 autem
175 2640 220 2696 est
243 2650 324 2707 usus,
348 2628 472 2706 auditio,
496 2627 594 2705 lectio,
618 2627 746 2693 litterae.
1050 2635 1052 2639 ’

93 2733 296 2820 ltprimum
322 2741 464 2797 naturam
493 2750 600 2797 causae
626 2730 737 2808 videat,
760 2750 838 2815 quae
860 2752 1019 2817 nunquam
1043 2734 1124 2811 latet,
1154 2734 1204 2787 132

46 2841 204 2905 factumne
226 2835 265 2900 sit
287 2844 461 2921 quaeratur,
485 2854 525 2899 an
541 2835 631 2919 quale
646 2834 693 2911 sit,
711 2853 749 2897 an
766 2834 847 2918 quod
870 2854 983 2900 nomen
1001 2835 1124 2915 habeat;

47 3019 180 3063 eostretto.
194 3014 215 3060 Il
229 3013 369 3068 significato
388 3012 485 3058 diverso
500 3016 572 3058 trove
593 3012 618 3057 lo
632 3012 734 3066 ragione
749 3012 826 3058 anche
841 3013 908 3058 nella
921 3018 1010 3058 nutura
1025 3013 1063 3059 de*
1077 3001 1139 3058 due¹

47 3086 162 3134 ablativi.
176 3111 202 3117 —
216 3089 341 3131 notate.
356 3083 404 3129 Glr.
418 3088 511 3130 notare
525 3083 565 3128 del
580 3087 590 3134 t
605 3084 639 3128 32.

91 3169 168 3221 (lap.
183 3166 289 3211 XXX.
300 3164 406 3210 -130,
422 3163 620 3219 aporiamus.
628 3198 647 3209 ..
666 3164 778 3218 capita
787 3184 814 3197 =
824 3163 966 3208 mostriomo
976 3163 1049 3216 ieopi
1059 3162 1128 3217 prin-

48 3238 135 3293 eipnli.
149 3261 176 3267 —
190 3236 336 3291 seposita
349 3255 376 3269 ι-
390 3235 468 3278 tenuti
482 3234 507 3278 in
517 3237 606 3288 pronto
617 3233 666 3285 (nei
676 3233 772 3278 trattati
783 3233 807 3277 di
818 3232 940 3283 retorioa).
955 3233 1012 3278 Cosl
1021 3233 1039 3277 il
1049 3233 1129 3278 Sorof.

50 3335 76 3341 -
91 3313 197 3353 certos
219 3308 303 3352 loeoo
316 3325 344 3340 ==
358 3304 418 3350 oerti
439 3304 555 3359 principii
577 3304 697 3357 generali.

120 3392 186 3436 lul.
202 3392 337 3435 domum.
350 3389 416 3435 Nota
432 3388 477 3434 ohe
499 3389 604 3433 demum
617 3388 685 3433 vale:
699 3388 750 3432 allo
770 3386 853 3441 lineo
875 3387 963 3433 auehe:
978 3388 1058 3433 alloro
1080 3389 1129 3433 sol-

50 3470 134 3516 tant0;
149 3461 180 3507 ed
194 3462 208 3506 e
222 3460 349 3514 enolitieo;
359 3460 468 3514 denique
477 3458 543 3504 vale:
558 3458 743 3503 finalmente-
754 3460 1046 3513 pronuntiandum.
1063 3458 1130 3505 Pro·

50 3534 179 3581 nuntiare
188 3532 259 3577 vele:
272 3544 414 3586 eaporre;e
431 3529 451 3575 si
464 3528 576 3574 riferisoe
591 3530 642 3574 ullo
656 3529 816 3583 pronunzioe
832 3530 856 3574 al
871 3533 936 3575 tono.
945 3554 971 3560 -
981 3530 1014 3575 iro
1028 3543 1129 3575 eorem-

47 3607 85 3662 pl
92 3607 100 3650 i
106 3619 131 3655 a,
146 3608 206 3649 sott.
221 3603 347 3658 antiquie.
360 3625 386 3632 -
406 3601 646 3654 voluntatibus,
660 3599 746 3654 umori,
760 3599 924 3645 inelinazioni.
937 3624 964 3632 -
977 3601 1130 3654 Sttbaeto,

50 3676 159 3722 trusloto
177 3678 255 3719 tratto
277 3673 318 3717 dal
340 3676 446 3725 terreno,
460 3671 504 3716 ohe
528 3670 666 3716 dev'essero
688 3669 782 3715 voltoto
803 3684 816 3716 e
837 3671 960 3717 rivoltato.
974 3697 1000 3704 —
1014 3675 1130 3717 novato

50 3750 168 3802 (iterum,
181 3746 207 3791 in
221 3743 381 3800 opposizione
397 3757 412 3788 o
425 3744 505 3788 amuel
523 3741 681 3796 precedente,
697 3745 774 3787 orato
795 3744 914 3798 cultoque
935 3745 964 3789 in
982 3747 1131 3794 sementem,

50 3832 121 3866 some
147 3818 202 3862 diee
223 3815 365 3866 Foroellini)
379 3819 403 3860 et
422 3815 525 3869 iterato,
546 3813 692 3858 rinversoto.
714 3836 741 3843 —
761 3812 915 3860 Subaetio
930 3835 956 3849 -
975 3815 1083 3860 Cultura.
1104 3836 1131 3844 -

51 3893 61 3936 l
67 3893 76 3936 i
82 3895 189 3936 tteree
202 3907 229 3922 -
243 3886 362 3934 esereizio
377 3885 443 3931 dello
458 3885 577 3931 scrivere.
